2700 4740
114 254 162 331 '60
395 288 399 293 ·
494 252 872 322 annotartonus

114 406 320 509 'Scilici’Zort
341 427 375 493 di
394 425 471 494 o‘dc'v
491 424 547 509 μέν
566 393 667 492 ttrite
682 424 716 492 'cd
729 424 802 500 roda
823 421 953 509 ἆριστεῖς
968 427 1012 502 εἰς
1025 420 1117 507 λόχον
1140 423 1233 491 dust-

119 527 207 596 θεῖν,
229 519 270 594 oie
289 520 376 580 δοκεῖ
394 521 458 588 τοῖς
479 518 634 589 παλαιοῖς,
658 515 689 575 οἳ
708 513 761 575 καὶ
784 506 844 577 aiod
860 511 1083 592 Δημοσθένους
1101 511 1234 594 φέρουσι

118 605 225 690 χρῆσιν
252 596 388 673 εἰπόντος
410 600 443 663 ἓν
466 603 509 684 τῷ
526 595 602 660 κατὰ
618 592 881 679 Ἀριστοκράτους·
903 594 925 676 ἢ
947 597 980 660 ἒν
1001 596 1064 680 ὀδῷ
1076 596 1232 675 καθελών,

107 687 189 759 ,olari
200 693 260 752 'cod
272 685 305 750 ἕν
317 678 403 768 λόχῳ.
423 686 471 745 Ex
486 682 595 762 quibus
607 683 683 757 locis
697 682 855 758 constabit,
872 703 962 762 quam
977 681 1091 740 insulse
1100 685 1232 744 Wollius

5 770 10 779 ⁸
113 776 171 837 hic
191 774 409 852 interpretatur
424 773 457 828 in
478 773 593 831 itinere.
628 767 738 844 Miror,
767 766 841 827 haec
857 791 873 825 a
888 763 1087 826 Demosthene
1110 769 1142 827 in
1162 771 1233 848 lege

118 857 246 925 inferius
263 853 443 936 explicanda
457 875 519 913 esse
535 855 750 936 praetermissa,
767 874 837 911 curn
850 853 919 932 satis
940 863 1056 912 constet
1070 874 1107 911 ex
1123 865 1233 914 aucto-

118 940 224 1022 ritate,
248 961 337 1022 quam
354 940 438 1016 dedi,
461 961 494 998 ea
512 940 603 999 verba
620 939 655 997 in
667 939 730 1016 lege
744 936 957 1018 nondeluisse.
981 959 1112 999 raruon.
1142 941 1233 999 Wol-

115 1026 192 1092 fius:
214 1036 271 1087 aut
288 1028 444 1085 initium
450 1024 664 1105 prostraverit.
687 1026 765 1102 Ergo
779 1023 945 1082 secuudum
961 1020 1040 1083 harro
1055 1025 1150 1101 legem
1166 1023 1233 1107 (vel

82 1128 85 1133 '
120 1115 226 1176 saltem
240 1110 321 1172 hanc
330 1104 512 1190 versionem)
537 1108 637 1169 sicarii
653 1117 683 1167 et
699 1117 897 1187 grassatores,
920 1108 972 1188 qui
986 1109 1115 1188 aliquem
1133 1110 1166 1168 in
1182 1113 1233 1170 via

115 1196 341 1283 prostraverint
364 1206 394 1255 et
419 1192 604 1270 occiderint,
629 1215 693 1253 nou
717 1195 915 1269 exsulabunt,
938 1194 991 1252 sed
1007 1196 1067 1255 tuti
1082 1195 1113 1252 in
1132 1197 1233 1274 patria

121 1287 293 1347 manebunt.
322 1278 402 1341 Fieri
418 1302 480 1341 non
494 1289 601 1361 potest,
623 1289 659 1338 ut
673 1279 715 1337 ita
730 1279 865 1339 sanxerit
874 1281 982 1339 Draco.
1011 1280 1070 1339 Pro
1087 1278 1234 1345 καθελών

120 1371 232 1433 rectius
249 1365 342 1428 scribi
356 1365 512 1427 videretur
525 1360 583 1429 eain
599 1363 729 1440 ἐθέλων,
753 1366 874 1441 nolana,
896 1367 1023 1442 invitam,
1043 1373 1079 1425 ut
1093 1361 1180 1428 ἄκων
1202 1377 1234 1426 et
1270 1442 1275 1452 ι

121 1449 284 1539 ἀγνοήσας.
305 1455 345 1514 Et
359 1453 402 1512 ita
419 1450 568 1512 Homerus
588 1447 674 1508 iliad.
696 1454 734 1511 Ψ.
751 1455 803 1516 87.

167 1619 173 1638 .
496 1577 592 1640 καῖον
612 1573 793 1640 κατέκτανον
808 1541 1054 1658 Ἀμφιδιὶμαντνς

215 1696 218 1715 1
286 1658 420 1748 Νήσιος,
444 1656 503 1727 οὖν
524 1661 649 1755 ἐθέλων.

121 1783 154 1852 Si
175 1792 255 1852 nihil
276 1791 456 1849 mutandum
469 1788 524 1864 su,
551 1786 642 1848 verba
657 1787 698 1845 ita
714 1785 880 1846 ordinanda
896 1797 982 1846 sunt:
1005 1779 1076 1848 ’Eaiv
1089 1809 1137 1862 τις
1153 1781 1234 1851 οἶκτο-

121 1878 224 1960 κτείνῃ
246 1870 351 1956 (τινα)
375 1871 459 1936 ὄκνον
483 1869 623 1934 καθελών
649 1866 777 1953 (αὐτὸν)
801 1873 833 1934 ἐν
849 1867 967 1948 ἄθλοις,
989 1867 1059 1952 ἢέν
1073 1868 1147 1956 odpi,
1171 1883 1232 1933 etc.

83 1969 85 1973 ’
123 1963 277 2020 Caeterum
294 1955 531 2034 Demosthenes,
551 1957 603 2036 qui
620 1956 653 2014 in
671 1958 862 2035 sequentibus
879 1966 1099 2016 commentatur
1114 1957 1147 2014 in
1164 1958 1232 2035 sin-

16 2108 19 2125 ¹
114 2047 205 2125 ¹gulos
222 2041 313 2121 buius
328 2044 403 2125 legis
422 2040 581 2119 articulos,
603 2041 640 2099 de
655 2038 715 2101 hac
734 2040 886 2123 pericope,
908 2037 931 2122 ἢ
949 2042 983 2105 ἒν
998 2041 1061 2126 ὁδῷ
1077 2038 1232 2120 καθελών,

121 2130 203 2210 quod
218 2127 328 2189 mirum
342 2136 396 2202 est,
418 2148 542 2207 prorsus
558 2126 634 2184 silet.
656 2125 765 2185 Utrum
787 2127 944 2187 memoriae
959 2146 997 2184 an
1011 2127 1232 2205 exemplarium

36 2226 38 2235 '
113 2213 220 2274 'vitiol
249 2231 424 2271 numano.
461 2208 512 2273 Nil
532 2208 643 2268 mirum
663 2211 893 2271 Demosthenem
915 2211 1007 2269 verba
1027 2209 1060 2273 ἕν
1085 2211 1148 2296 ὁδῷ
1165 2233 1231 2273 non

39 2338 43 2342 -
121 2317 183 2357 csse
204 2296 446 2376 interpretatum.
477 2295 536 2352 Cur
557 2292 731 2374 planissima
753 2296 991 2376 interpretetur?
1022 2295 1081 2369 Qui
1106 2306 1231 2376 poterat

113 2382 186 2443 'tum
209 2379 259 2440 vel
280 2378 427 2461 suspicari
450 2376 556 2455 mod'o,
584 2380 649 2439 lore
671 2381 853 2461 aliquando,
882 2389 919 2453 ut
930 2380 1105 2439 'existerent
1126 2383 1230 2442 nasuti

120 2465 316 2546 grammatici,
339 2461 391 2544 qui
406 2464 620 2530 orationisuae
634 2466 826 2545 planissimae
839 2466 1003 2544 quaesitam
1019 2465 1120 2524 nescio
1136 2486 1229 2545 quam

121 2558 349 2629 contortamquc
378 2549 657 2631 interpretationem
685 2549 869 2626 attingerent.
918 2550 1052 2610 Verbum
1084 2548 1229 2613 euastata

111 2635 242 2714 ,utrique
264 2654 419 2692 conrmune
433 2642 494 2707 est,
515 2640 577 2692 tam
591 2631 624 2696 tv
642 2629 705 2716 o‘dqi
719 2652 808 2717 quam
823 2633 855 2696 ἐν
869 2634 998 2720 πολέμῳ,
1021 2644 1057 2693 ut
1072 2628 1237 2716 οἶγνοήσαςζ

120 2719 194 2779 item
207 2728 261 2778 est.
282 2719 325 2776 Ut
337 2717 412 2793 haec
424 2718 464 2775 sit
478 2716 640 2781 sententia:
663 2717 695 2776 si
711 2719 763 2798 qui
776 2717 885 2780 deiecit
898 2736 996 2800 quem,
1010 2718 1040 2779 h.
1054 2740 1078 2777 e.
1086 2721 1227 2799 peremit,

120 2803 237 2868 nescius
253 2801 307 2882 qui
322 2811 399 2862 esset
411 2820 463 2861 sen
477 2824 532 2883 per
546 2823 677 2863 errorem
692 2800 886 2882 ignorantiae,
899 2805 964 2863 sive
980 2804 1013 2863 in
1026 2805 1076 2864 via
1092 2803 1226 2884 publica,

35 2882 42 2898 ⁸
120 2886 184 2950 sive
197 2889 234 2947 in·
244 2887 435 2946 dimicatione
449 2908 575 2967 pugnae.
601 2885 659 2947 Pro
676 2887 763 2965 nugis
780 2885 876 2946 habeo
893 2909 969 2968 qnae
986 2888 1174 2967 grammatici
1187 2891 1228 2950 de

119 2974 230 3036 rariori
254 2968 355 3033 nescio
378 2991 436 3052 qua
457 2969 675 3049 significatione
696 2990 726 3029 v.
749 2967 816 3045 ὅὸὁς
839 2970 890 3031 hic
917 2973 1070 3055 obtinente
1096 2973 1226 3033 commi-

51 3122 54 3126 ,
119 3057 295 3132 niscuntur,
313 3058 403 3137 ⁴quasi
424 3054 559 3119 insidiae
571 3054 732 3133 significet,
755 3048 860 3136 λόχον,
882 3055 1001 3116 ethauc
1016 3056 1080 3118 vim
1097 3058 1228 3143 hicloci

120 3139 244 3219 requiri,
260 3142 329 3219 quia
342 3143 415 3200 alias
431 3141 563 3199 latrones
574 3138 606 3197 in
620 3140 668 3199 via
682 3140 806 3219 publiea
823 3138 925 3201 caedes
938 3141 1118 3224 rapinasque
1133 3163 1226 3204 exer·-

122 3235 221 3284 centes
243 3223 300 3283 hac
321 3223 386 3305 lege
409 3223 562 3284 licentiam
587 3223 733 3283 scelerum
758 3223 936 3306 acciperent.
973 3229 1031 3286 Sed
1052 3229 1124 3288 licet
1142 3226 1227 3310 hanc

121 3309 267 3388 argutiam
280 3309 314 3368 in
328 3308 411 3391 ipsos
427 3316 564 3369 auctores
578 3317 761 3389 retorquere.
785 3313 929 3383 Latrones
946 3333 1024 3390 ergo,
1038 3313 1155 3373 insidiis
1170 3316 1226 3392 qui

119 3403 342 3475 praetereuntes
357 3393 529 3474 excipiunt,
551 3390 587 3452 ab
603 3392 660 3454 hac
676 3394 740 3474 lege
753 3393 969 3455 absolventur?
993 3397 1109 3477 Ergone
1123 3399 1225 3459 media

95 3480 152 3565 ,in
172 3481 221 3539 via
241 3479 377 3559 publica,
401 3479 514 3538 sivein
534 3479 626 3557 urbe,
649 3479 712 3540 sive
727 3498 815 3556 rure,
837 3479 920 3539 nulla
935 3491 1036 3562 potest
1054 3483 1127 3543 oriri
1141 3484 1225 3545 inter
1253 3503 1265 3535 ’κ

121 3560 196 3624 duos
215 3564 367 3623 contentio
380 3567 411 3621 et
421 3563 491 3621 inde
504 3583 604 3644 pugna
619 3565 796 3642 caedesque,
814 3556 882 3624 *siue
899 3587 932 3625 ea
947 3570 1046 3648 ampla
1063 3580 1092 3628 et
1103 3570 1165 3627 lata
1177 3580 1224 3629 est

121 3647 189 3727 via,
212 3646 275 3706 sive
296 3646 385 3705 calles
405 3657 567 3724 angustus,
591 3645 655 3706 sive
679 3646 745 3706 aliis
765 3648 933 3727 decausis,
964 3651 1025 3712 sive
1041 3677 1074 3713 eo
1091 3655 1128 3713 dc
1141 3653 1222 3732 ip'so,

120 3740 154 3789 ut
173 3732 249 3790 alter
274 3730 400 3790 alterum
427 3732 484 3791 sibi
509 3732 652 3792 decedere
675 3735 807 3812 postulet
825 3735 862 3793 de
886 3737 950 3810 via,
979 3739 1055 3798 alter
1078 3741 1223 3798 recuset?

120 3813 230 3894 Oedipi
256 3812 380 3896 Laiique
399 3814 572 3897 ¹exemplum
595 3836 683 3897 quem
703 3816 801 3896 fugit?
822 3820 897 3878 ¹Ista
920 3822 967 3880 vis
988 3823 1167 3883 insolentior
1193 3826 1222 3883 si

104 3897 266 3981 ,vocabulo
283 3899 395 3976 tudela.
409 3903 430 3962 l.
450 3902 574 3977 inesset,
599 3922 737 3962 censesne
751 3904 981 3965 Demosthenem
992 3907 1083 3967 fuisse
1097 3908 1220 3968 silentio

118 3982 352 4065 praeteriturum
362 4002 378 4064 ,¹
392 3988 480 4048 illum
500 3989 533 4047 in
557 3985 755 4046 enucleandis
768 3984 918 4049 veteribus
940 3989 1045 4070 glossis
1054 3993 1132 4052 'adeo
1145 3994 1221 4052 dili-

119 4067 260 4148 genteml
286 4090 384 4131 aaran.
409 4075 577 4150 Legendam
598 4091 702 4133 censeo
718 4067 741 4154 ἢ
755 4072 788 4135 ἐν
802 4065 876 4158 ὅχλρι
889 4075 1040 4153 καθελών,
1064 4080 1098 4137 iu
1117 4079 1219 4156 turba,

121 4175 206 4213 cusu.
235 4156 341 4233 Magno
356 4164 466 4215 conatu
484 4177 605 4234 magnas
624 4178 720 4235 nugas·
735 4157 877 4218 dixerunt
895 4159 947 4220 hie
968 4164 1066 4223 multi.
1095 4185 1218 4224 scaone.
1254 4160 1266 4195 '

119 4239 213 4297 Dior.
238 4241 365 4299 Classic.
393 4240 453 4297 LV.
481 4262 513 4320 p.
542 4245 592 4306 59.
628 4243 704 4302 Vere
724 4243 878 4304 Reiskius:
918 4248 1049 4306 Verbum
1076 4247 1219 4312 καθελών

120 4327 244 4403 utrique
259 4344 415 4384 commune
430 4335 483 4402 eat,
505 4335 568 4402 tam
582 4323 616 4389 ἐν
627 4324 690 4412 σ’δῷ
706 4351 801 4408 quam
814 4329 850 4396 ἐν
861 4330 1050 4422 πολέμοιο
1064 4327 1218 4418 α”γνσήσας
1258 4332 1272 4357 ‘'
