2700 4740
215 211 318 317 ιι)
330 213 463 319 onir
484 213 520 275 ι
530 209 727 278 carrus
731 204 1011 280 ssrsroorr
1118 214 1181 284 ιιι
1237 170 1264 281 s

77 357 209 450 Verbi
187 386 320 466 pratia
310 407 344 447 ιιι
361 406 434 447 uuo
445 344 594 469 Capitolio
612 385 723 446 Romae
740 380 944 476 plurimorum
956 385 1080 447 deorum
1094 385 1180 445 aedi-

76 475 164 532 culae
181 482 273 533 erant.
295 472 398 532 Livius
414 472 540 541 XXXV.
553 471 609 536 41.
618 471 714 530 Aedes
728 473 803 533 duae
817 463 886 533 Iovi
901 493 932 531 eo
948 493 1029 530 anno
1042 473 1075 543 Ιιι
1089 468 1181 571 Gepi-

79 558 153 619 tolio
172 555 329 616 dedicatae
343 569 467 615 arent-
477 555 513 614 de
529 557 647 615 meleta
662 554 881 617 damnatorum
896 556 1100 656 quadrigae
1088 578 1180 614 mou-
1264 606 1267 618 .

81 655 169 702 ratae
191 647 240 711 ie
241 631 399 739 Capitolio
420 644 543 721 poeitae
560 643 594 700 in
589 636 684 700 cella
703 641 781 703 lovis
800 664 896 722 supra
908 631 1085 721 fastigium
1099 641 1181 700 aedi-

82 724 185 787 culae.
190 720 252 804 De
266 714 534 786 contubernalibus
558 716 627 785 diis
625 722 775 809 plurima
781 726 873 787 habet
891 727 1072 786 consulenda
1093 726 1132 784 el.
1146 727 1182 792 G.
1266 732 1272 738 '

79 814 115 871 D’
123 810 269 879 Arnaud
260 832 294 869 m
307 812 532 910 commentario,
554 831 642 891 quem
657 810 812 897 inscripsit
827 813 864 872 de
881 812 944 871 uiis
960 810 1137 893 Παρὲδηοις,
1153 820 1204 871 et.

79 896 160 981 quae
168 896 389 960 adtulerunt
358 896 419 954 vrri
436 896 519 954 docti
537 896 575 954 ad
555 892 790 976 ‹explicanda
786 897 840 965 illa
855 897 922 957 Act.
940 895 1076 976 Apostol.
1098 892 1183 955 XlX.

77 982 144 1059 24:
174 981 256 1040 adeo
272 990 308 1039 ut
329 972 407 1039 nihil
427 981 537 1040 mirum
560 999 621 1040 esse
641 981 765 1061 possit,
789 982 818 1039 si
842 981 878 1044 in
895 982 1007 1065 templo
1030 979 1183 1060 Apollinis

79 1065 219 1146 Delphici
247 1066 383 1137 ΜΙιιιιιιιι
409 1085 530 1143 quoque
552 1086 636 1143 suam
666 1067 851 1142 aediculam,
881 1069 956 1125 ritus
981 1076 1012 1124 et
1035 1065 1183 1124 antistites

80 1151 170 1212 eliam
188 1139 320 1211 haberet.
354 1149 449 1209 Immo
467 1150 788 1231 ΜΙιιιιιιεΠρονοΙας
805 1112 911 1211 cellam
927 1149 1050 1230 Delphis
1070 1165 1195 1227 memo-j
1229 1180 1239 1193 ι
1298 1144 1301 1150 ’

79 1247 128 1307 rat
141 1232 323 1296 Pausanias·
313 1255 347 1293 sn
358 1233 549 1316 Phocicisp.
563 1240 636 1301 623.
653 1235 722 1293 etlit.
743 1234 862 1296 llanuv.
886 1241 992 1302 1613·-
1008 1233 1205 1343 dotesque,
1262 1258 1276 1276 “-

81 1318 116 1383 δὲ
132 1315 270 1400 ’·Αθηνιῖς
293 1324 426 1381 καλεῖται
442 1321 605 1427 Προνοίας.
627 1329 664 1381 et
676 1319 799 1380 deiude.
820 1324 935 1403 χρυσοῦ
951 1318 984 1384 δὲ
997 1314 1144 1382 doetta‘
1124 1316 1184 1382 vad

48 1455 52 1462 .
81 1407 223 1507 Kpoloov-
230 1428 285 1468 ιον
272 1406 411 1468 Atrdae*
428 1407 468 1505 ep
480 1401 600 1488 Ἀθηνᾷ
604 1427 650 1510 τη
638 1407 796 1509 Προνοί
785 1431 805 1467 α
818 1408 965 1468 δοθεῖσαν
985 1403 1141 1487 ἐλέγετο
1120 1428 1183 1466 areo

79 1495 141 1563 salv
162 1493 330 1568 Δελφῶν,
335 1487 375 1563 οἱς
393 1483 670 1568 Φιλόμηλοςαιῖιὴν
687 1468 820 1570 ἐοόληόε.
852 1490 911 1549 Sed
926 1511 974 1549 me
989 1491 1066 1548 male
1083 1488 1183 1564 habet,

84 1575 165 1651 quod
181 1594 214 1631 ea
229 1573 365 1631 aedicula
380 1571 434 1631 hic
453 1572 604 1631 diceretur
617 1567 772 1654 κάλλιστος
788 1574 839 1636 καὶ
852 1574 996 1655 μέγιστος,
1009 1574 1185 1652 praesertim

82 1676 157 1715 vero
177 1656 263 1741 (nam
276 1657 351 1716 illud
364 1650 491 1716 alterum
504 1655 695 1738 negligerem)
717 1650 824 1736 quod·
815 1679 881 1718 sure
899 1678 1019 1717 summo
1028 1658 1100 1715 olim
1109 1677 1185 1714 con·
1272 1696 1275 1714 .

81 1723 247 1801 tenderunt
265 1740 326 1807 vin
317 1740 524 1821 doctissimi,
552 1762 627 1820 quos
648 1741 880 1817 infranomino,
903 1741 1012 1801 aedes
1003 1751 1075 1799 istas
1082 1761 1186 1829 ,quas
1249 1815 1255 1821 ,
1311 1756 1314 1761 ’

25 1869 30 1877 .
80 1835 227 1884 memorat
246 1826 407 1885 Pausanias
427 1835 457 1885 et
474 1825 525 1884 hio
545 1835 709 1885 memorare
729 1828 850 1887 videtur
870 1786 1098 1899 llemosthenes,
1120 1844 1185 1887 non

11 1976 17 1991 .
82 1930 145 1971 esse
166 1919 353 1971 consecratas
376 1909 528 1968 Mine1vae
544 1911 697 2005 Προνοίᾳ,
718 1930 841 1986 verum,
862 1920 898 1968 ut
909 1919 1047 1985 vocatur
1068 1869 1183 1968 ΜΙιιοι-

67 2015 137 2056 usae
153 1993 303 2079 Προναίης,
328 1992 414 2053 aedes
428 1993 543 2052 scilieet
554 1993 684 2053 minores
699 2004 768 2054 ante
781 1995 964 2075 vestibulum
974 1955 1134 2098 Apollinis,
1149 2003 1184 2053 ut
1295 2022 1303 2031 ·

81 2074 165 2137 alibi
171 2053 321 2156 loquitirr
328 2078 408 2136 idem
427 2076 587 2136 Pausanias
607 2078 710 2138 Boeot.
732 2101 764 2187 p
785 2082 875 2146 556÷
891 2083 1012 2182 πρῶτα
1016 2075 1071 2157 μὲν
1089 2074 1128 2157 δη
1143 2079 1185 2138 ll·
1296 2140 1302 2156 .

58 2198 61 2202 ·
81 2170 145 2225 eoo
159 2158 236 2233 natal
252 2157 321 2240 την
325 2155 429 2223 ἔσοδόν
445 2154 548 2223 ἐστιν’
543 2167 660 2242 Αθηνᾶ
672 2163 723 2224 καὶ
738 2162 860 2259 Ἑομῆς,
882 2156 1101 2242 ὀνομαζόμενοι
1113 2154 1186 2242 πρό-

10 2294 13 2299 -
83 2250 162 2309 ναοι.
182 2247 423 2324 Pratemplarem
439 2246 520 2305 dicas
540 2255 593 2304 aut
603 2241 816 2307 vestibularem
826 2247 1001 2309 Minervam
1022 2247 1068 2320 lta
1081 2247 1185 2304 Hero-

83 2330 177 2397 dotus
194 2331 233 2389 de
244 2331 333 2390 rebus
346 2329 501 2410 Delphicis
519 2330 596 2390 Vlll.
613 2337 720 2398 373⁰
722 2327 910 2438 Ιβόρβαροι,
931 2328 1081 2412 ἒπειδηέγ
1084 2332 1186 2393 Ινοντο
1238 2363 1245 2381 =
1322 2352 1326 2359 ’

83 2409 270 2522 ἐπειγόμενοι
283 2412 358 2479 rard
373 2411 406 2478 τὸ
429 2411 496 2496 ἱρόν
514 2419 569 2516 τῆς
584 2403 742 2499 Προναίης
761 2412 933 2526 Ἀθηναίης.
952 2427 982 2476 et
996 2417 1097 2475 iuxta:
1120 2413 1193 2477 ἐπεὶ.
1217 2426 1229 2449 ·“
1311 2460 1341 2519 .-

40 2548 42 2553 .
82 2498 140 2607 peip
163 2498 201 2580 dri
224 2499 299 2563 taos
318 2494 451 2572 ἐπιόντες
476 2499 508 2562 οἱ
528 2493 678 2605 βάρβαροι
703 2498 779 2564 uerri
805 2526 837 2565 το
856 2500 931 2605 ιρόν
952 2506 1006 2581 τῆς
1028 2501 1187 2607 Προναίης

83 2585 264 2689 Αθηναῖης
287 2593 412 2642 metet&
443 2583 569 2642 Studes·
563 2579 738 2691 Πρόνοια.
761 2580 928 2667 ια’νομαζειό
948 2609 993 2660 τις
1012 2582 1094 2664 παραὶ
1114 2589 1189 2647 aa..

85 2692 160 2772 pope
173 2663 291 2772 Ἀθηνᾶ
306 2663 455 2750 Πρόνοια,
474 2664 571 2730 διὰ
538 2689 571 2731 ιο
584 2666 654 2775 πρό
674 2694 740 2733 του
762 2676 861 2734 ναοῦ
883 2672 1037 2753 ἱδρῦσθαι.
1059 2658 1186 2727 Iterum:

41 2831 44 2835 .
90 2749 227 2854 Πρόνοια
245 2747 373 2857 Αθηνᾶ.
406 2775 436 2813 οι
427 2748 514 2854 μὲν
533 2748 640 2813 ut
606 2776 638 2816 το
664 2778 722 2857 προ
751 2760 806 2817 τοῦ
825 2760 905 2818 ναοῦ
925 2760 980 2817 τοῦ
999 2754 1031 2816 ἐν
1055 2758 1190 2831 Δελφοῖς
1216 2758 1225 2774 ³
1267 2756 1273 2769 ’

82 2831 221 2906 ἕοιόναι
224 2830 340 2917 αοίην
371 2836 403 2899 ol
419 2830 506 2912 ὄὲ,”
487 2857 534 2898 on
557 2832 751 2918 προόνόησεν
769 2848 825 2898 etc.
855 2838 1004 2923 Adiungas
1020 2837 1188 2897 Diodorum

85 2919 397 3002 sic.xt.§.14.et
421 2918 645 2981 ornatissimum
662 2910 896 3001 Wesselingium
911 2925 948 2983 ad
965 2925 1085 2998 locum,
1109 2922 1189 2979 Gro-

86 3004 213 3065 novium
232 3007 270 3065 ad
290 3003 436 3077 Herodes.
459 3006 482 3066 Ι.
505 3008 556 3075 92.
585 3007 625 3066 H.-
645 3007 747 3088 steph.
775 3007 861 3068 Thes.
885 3009 937 3068 Gr.
964 3009 997 3067 L.
1019 3008 1052 3066 Τ.
1073 3006 1108 3065 ΙΙ.
1131 3005 1188 3064 οοΙ.

88 3090 192 3155 1080
206 3097 236 3147 et
256 3089 392 3169 Append.
414 3090 472 3149 col.
494 3093 589 3158 1715
608 3092 717 3152 Metus.
741 3093 834 3152 Attio.
856 3094 937 3152 Lect.
966 3092 1002 3150 ΙΙ.
1027 3097 1076 3157 17.
1098 3089 1204 3149 eund.
1272 3120 1278 3129 ·

86 3175 124 3234 de
142 3176 245 3252 Regno
259 3173 438 3232 Lacedaem.
449 3174 482 3231 C.
500 3175 539 3236 V.
561 3174 679 3238 Kuster.
699 3178 737 3238 ad
759 3178 844 3237 Suid.
866 3177 1024 3258 Sp.anhem
1041 3177 1078 3235 ad
1093 3174 1187 3243 Galli-

84 3201 1213 3342 mach.llymn.’1nLavacr.Pallad.v.121.HisaddeHespchiun1,'
1329 3244 1341 3311 Ῐ

85 3344 367 3424 Harpocrationem,
389 3331 520 3421 Etymol.
531 3342 581 3404 Μ
593 3346 843 3427 Lexicographos
864 3349 912 3405 Ex
928 3348 1033 3425 quibus
1048 3345 1187 3404 omnibus
1303 3374 1313 3384 -

81 3429 204 3488 abunde
209 3439 320 3508 patere
332 3427 472 3502 arbitror,
491 3427 600 3507 primo,
614 3431 779 3501 Minervam
792 3431 918 3511 Delphis
929 3433 1048 3525 cultam,
1061 3439 1097 3488 ut
1112 3427 1188 3501 dixi,
1218 3488 1220 3493 ,
1237 3462 1240 3467 ·

87 3497 238 3573 nominari
250 3534 313 3573 non
331 3507 501 3593 Πρόνοιαν,
521 3512 739 3592 providentem,
761 3516 813 3575 sed
831 3516 1021 3599 Προναίην,
1019 3526 1080 3575 vest
1070 3513 1189 3570 tibulo-

82 3620 168 3656 ιιοιι
192 3598 317 3681 deinde,
337 3617 389 3657 eos
404 3596 520 3676 decipi,
544 3619 597 3676 qur
590 3599 686 3681 haec
697 3592 911 3660 Demosthenis
925 3602 963 3659 ad
978 3600 1102 3659 eandem
1115 3616 1187 3653 nor·
1198 3600 1201 3607 '
1226 3596 1236 3603 ’

71 3678 167 3742 'mam
185 3683 295 3760 corrigi
286 3682 435 3760 volunt,
458 3703 528 3741 oum
545 3674 652 3762 ntique
670 3685 807 3746 interiret
819 3707 933 3762 omnis,
953 3685 1051 3764 qualis
1070 3683 1190 3740 demum
1308 3754 1312 3759 Ι

87 3767 194 3844 fuerit,
209 3766 307 3826 huius
322 3767 384 3826 loci
397 3769 491 3873 lepor
506 3777 537 3827 et
556 3766 741 3846 elegantia,
731 3792 764 3829 ιιι
783 3792 843 3857 quo
856 3772 978 3831 institui
992 3767 1092 3829 voluit
1106 3782 1191 3842 eom·
1269 3774 1274 3783 '

87 3851 286 3932 paratipnem
281 3850 370 3909 inter
385 3846 535 3930 απόνοιαα
549 3852 763 3954 Aristogitonis
785 3866 815 3915 et
837 3845 995 3936 Πρόνοιαν
1017 3853 1058 3912 Mi
1060 3872 1190 3915 nervam

31 3984 34 3989 ,
66 3934 200 4008 -Quid
189 3934 284 4013 igitur
303 3936 472 3997 dicemus?
481 3937 530 3995 An
546 3939 659 3999 erravit
679 3930 849 4000 simiusille
865 3938 1086 4013 Demosthenis,
1110 3932 1194 4017 snei}
1261 4008 1266 4024 .

14 4020 25 4029 ⁴
58 4060 61 4065 -
89 4019 217 4107 quitatis
227 4036 321 4078 verae
334 4017 454 4096 ignarus
467 4029 497 4080 et
507 4021 727 4083 vocabulorum
742 4023 940 4084 srmrhtudrne
951 4025 1111 4102 deceptus
1116 4026 1191 4080 e‘um
1237 4038 1252 4060 ι

87 4092 163 4165 haec
178 4102 348 4172 scriberet?
370 4104 449 4163 Illud
483 4105 584 4165 uidem
598 4128 728 4168 asserere
744 4130 808 4169 non
824 4100 928 4183 audeo,
953 4130 1019 4170 cum
1033 4107 1118 4187 paria
1113 4110 1192 4165 Ιειο

24 4184 28 4191 ’
89 4190 206 4249 Ιιώθιῐ
211 4187 379 4249 Aeschines
400 4178 445 4247 de
456 4127 586 4267 gorens,
610 4192 639 4250 et
654 4187 761 4299 probe
764 4193 875 4267 seiam,
900 4193 1021 4251 multa
1014 4214 1059 4253 m
1064 4190 1193 4251 vetustis

91 4274 291 4362 s'c'siptoribus
312 4273 447 4354 reperiri
458 4274 547 4357 ¹posse
558 4275 652 4362 simili
665 4271 843 4413 α’μηιιβολίη
858 4270 946 4358 quasi
961 4279 999 4338 ad
1024 4275 1221 4377 ludibriurp.
