2700 4740
100 194 243 322 Ἰτοι
366 202 369 209 ’
543 246 919 313 sunorsnonrs

180 418 237 478 erit
249 419 409 499 perlicere:
437 438 508 481 nam
524 426 607 478 recta
620 418 758 478 insistere
771 416 846 477 milii
860 415 942 479 visus
958 422 1004 477 est
1018 414 1083 477 via.
1106 414 1173 479 Per
1190 412 1299 499 ἔφεσιν

179 508 235 567 τοῦ
257 498 432 585 ὀφλήματος
449 503 585 582 intelligo
610 502 729 563 tabulas
750 525 861 581 novas,
881 503 935 562 ubi
956 520 1071 561 nomen
1089 502 1249 565 debitoris
1269 505 1298 565 iu

179 590 333 671 spongiam
346 588 485 649 incubuit
499 599 529 648 et
541 610 589 647 aes
599 589 731 649 alionum
745 590 796 649 vel
809 591 899 669 plene
913 588 964 649 vel
982 587 1089 666 aliqua
1103 596 1204 649 tenus
1217 600 1298 671 parte

84 730 88 739 ,
180 677 206 734 ei
224 675 424 735 condonatur.
445 670 527 749 τάξις
552 673 662 756 (neque
678 684 714 734 tu
727 675 857 734 frontem
874 673 1037 753 caperabis‚
1049 672 1083 739 ,si
1094 694 1187 755 nova
1198 675 1298 737 videor

76 800 89 813 -
107 812 115 825 ,
180 758 294 841 dicere)
323 769 368 818 est
389 760 549 819 conventio
566 760 773 840 interpretes,
795 781 854 839 que
868 758 1011 821 debitoris
1025 758 1158 839 inopiae
1168 758 1219 821 ita
1232 780 1296 821 sne-

67 892 70 899 ,
116 900 120 907 ,
181 846 324 921 curritur,
346 854 390 921 ut,
413 845 494 924 quod
507 846 558 905 ille
573 846 758 922 universum,
780 845 872 905 salvis
885 844 975 904 rebus
988 842 1218 924 familiaribus,
1233 847 1296 907 red·

180 932 250 989 dere
272 940 418 1009 nequeat,
440 930 473 989 id
495 931 639 989 unciatim
652 941 683 990 et
698 930 736 989 ad
757 931 883 991 modum
900 928 1107 997 constitutum
1130 932 1295 1009 persolvet.

178 1016 240 1077 Nos
256 1018 503 1096 compositionem
515 1036 668 1077 vocamus.
687 1016 733 1076 Ita
747 1014 928 1095 Hesychius:
955 1006 1085 1094 Τάξιςή
1100 1013 1158 1078 tet
1181 1008 1295 1095 σ’φετλο

179 1099 283 1181 μένοις
299 1096 428 1184 χρήμασι
445 1095 607 1182 καταβολή.
636 1102 680 1161 Ita
696 1101 835 1163 Libanius
849 1100 884 1159 in
900 1100 1089 1179 Argumento
1106 1098 1294 1183 Aristogito-
1318 1150 1323 1161 .

103 1234 106 1241 .
180 1187 286 1245 nianae
306 1208 336 1266 p.
359 1193 433 1263 768,
459 1191 507 1252 16.
530 1180 649 1249 aiveinon
669 1185 689 1250 o‘
706 1181 838 1266 άιλελφάς
851 1178 957 1262 αὐτοῦ,
982 1178 1069 1258 τάξιν
1089 1180 1293 1297 αἰτησάμενος

180 1276 235 1333 τοῦ
256 1266 432 1353 ὀφλήματος
440 1317 449 1347 ,
472 1268 548 1337 ὥστε
561 1272 594 1335 ἐν
609 1271 681 1334 δέκα
695 1272 792 1335 ἔτεσιν
810 1270 922 1334 ἐκτῖσαι
937 1265 972 1332 τά
987 1263 1119 1347 σύμπαν
1134 1278 1209 1335 καθ
1234 1273 1291 1337 ’ἔτο-

151 1428 155 1437 !
179 1376 251 1439 στον
277 1356 342 1431 ἔτος
370 1357 468 1430 erdale
495 1352 530 1420 sd
553 1351 717 1437 ἐπιβάλλον
746 1355 845 1438 μέρος.
882 1354 1078 1434 Thucydides
1107 1354 1167 1417 ΠΙ.
1198 1356 1230 1439 §-
1249 1362 1290 1423 711

182 1436 342 1521 ὀφλόντων
367 1440 401 1504 δὲ
420 1438 523 1505 αὐτῶν
542 1442 595 1503 καλ
610 1438 687 1523 ποάς
699 1438 735 1503 τά
751 1439 817 1524 ἱερά
836 1442 943 1509 ἱκετῶν
956 1438 1191 1519 καθεζομένων
1205 1438 1284 1507 triti

74 1558 78 1573 ·
180 1531 301 1607 πλῆθος
318 1529 506 1608 τιῖςζημίας,
531 1520 613 1600 ὅπως
626 1521 789 1607 ταξάμεονι
803 1520 965 1589 essenon.
984 1522 1287 1603 tntsrpreterimm

177 1614 299 1675 Iludaeo
321 1612 512 1699 τεταγμέναις
526 1615 720 1693 καταβολαῖς,
736 1613 935 1691 pensionibus
947 1613 1123 1679 maistruis
1139 1614 1199 1673 vel
1217 1612 1291 1673 etism

179 1703 304 1759 αοιιιιὶο.
325 1700 370 1758 Ita
386 1700 499 1778 pariter
515 1699 594 1757 idern
608 1698 801 1777 Thucydides
815 1699 837 1755 Ι.
856 1703 926 1761 117.
946 1691 984 1757 τά
999 1688 1219 1766 άναλοοθὲντα
1229 1692 1291 1761 κατά

179 1778 309 1863 χρόνους
328 1780 492 1863 ταξάμενος
507 1778 690 1845 deoduinus.
712 1783 767 1841 ubi
784 1788 837 1862 Σχ.
852 1782 890 1839 ad
904 1782 1024 1841 locum:
1047 1777 1137 1844 κατά
1159 1778 1292 1869 χρόνους]

180 1862 253 1928 aridi
270 1864 326 1946 γάρ
348 1861 501 1946 εὐπόρουν
517 1860 636 1945 siderion
648 1867 759 1927 ἐκτῖσαι
776 1864 809 1928 τὸ
830 1871 901 1928 πᾶν.
923 1885 1056 1924 rsrnon.
1078 1865 1294 1943 Aestuatu'tju

180 1952 391 2010 constituenda
408 1949 499 2010 huius
519 1950 659 2011 vocabuli
678 1950 904 2028 significatione.
935 1952 1056 2009 Certum
1077 1961 1132 2010 est
1154 1954 1294 2015 wolfius

178 2038 257 2097 male
276 2036 453 2112 reddidisse,
476 2035 526 2115 qui
544 2058 600 2117 pro
622 2037 737 2098 militia
755 2035 872 2096 habuit.
901 2036 1004 2096 Sedet
1020 2034 1294 2119 deTaylorinors

177 2122 426 2202 interpretatione
440 2122 516 2180 mihi
531 2122 653 2201 quidem
666 2122 803 2181 nondum
817 2130 897 2182 certo
910 2122 1016 2201 liquet,
1032 2120 1088 2198 qui
1102 2142 1215 2199 genus
1227 2122 1296 2185 illud

177 2209 340 2267 decisionis
351 2209 402 2267 vel
416 2208 566 2287 pactionis
580 2208 643 2282 vel,
665 2216 701 2265 ut
721 2208 785 2286 ipse
798 2207 938 2287 appellat-¹
945 2226 1014 2264 cunr
1025 2205 1146 2285 vulgo,
1172 2230 1295 2292 compo·

178 2293 296 2353 sitionis
309 2301 455 2351 autumat
475 2313 554 2368 esse,
577 2308 637 2370 quo
657 2290 798 2350 creditori
813 2312 880 2352 cum
895 2288 1030 2355 debitore
1047 2286 1109 2349 hac
1131 2293 1296 2374 legeren-

177 2377 278 2451 venit,
300 2387 335 2434 ut
348 2376 490 2435 creditori
504 2376 596 2433 debiti
609 2385 724 2454 partem
741 2386 862 2454 quotam
874 2375 1198 2439 remittenti-debitor.
1209 2402 1296 2462 spon-

178 2461 248 2519 deat
259 2460 348 2519 certis
360 2458 465 2521 dicbus
477 2470 574 2519 certas
587 2460 680 2518 debiti
693 2461 843 2540 portiones
856 2462 1065 2540 depensuram.
1089 2462 1222 2525 Verum
1236 2486 1295 2526 cum

61 2572 65 2577 ’
180 2555 313 2621 cosletot,
335 2544 388 2623 hic
402 2546 464 2604 loci
478 2566 540 2604 non
557 2547 594 2604 de
609 2567 679 2604 aere
690 2546 787 2605 alieno
801 2546 940 2625 privato,
963 2545 1016 2604 sed
1029 2545 1067 2602 de
1083 2548 1229 2625 publico
1246 2550 1295 2629 egi,

176 2639 243 2689 tum
256 2651 319 2689 non
335 2640 465 2708 constat,
488 2632 617 2690 fueritne
635 2632 769 2711 populns
789 2630 979 2691 Atheniensis
1003 2629 1142 2712 [solitus]
1168 2635 1220 2696 ita
1234 2646 1296 2697 eum

134 2788 143 2793 -
178 2715 361 2801 debitoribus
380 2717 440 2775 suis
464 2716 611 2777 decidere.
634 2717 749 2794 Quare,
770 2717 867 2777 donoc
882 2715 941 2776 hac
958 2716 994 2776 de
1010 2736 1043 2774 re
1057 2726 1148 2777 certo
1170 2730 1294 2795 constet,

176 2802 268 2861 liceto
290 2801 365 2865 mihi
386 2802 568 2879 vocabulum
592 2797 681 2878 τάξις
697 2802 727 2863 h.
748 2802 769 2863 l.
786 2803 905 2881 vulgari
918 2799 1140 2880 significatione
1159 2804 1298 2887 accipere¹

173 2897 269 2967 atque
290 2888 441 2951 tributum
460 2887 671 2968 interpretari,
694 2888 777 2967 quod
799 2887 915 2966 civibus
936 2884 1086 2947 universis
1107 2908 1226 2973 airep,
1241 2892 1293 2953 int·

176 2983 302 3059 peretur
318 2984 348 3036 et
362 2960 446 3056 qtiod
461 2975 573 3034 civium
593 2974 718 3051 quisque
734 2970 849 3030 dudum
869 2968 937 3030 inte
952 2973 1039 3056 notit
1060 2973 1148 3033 certo
1169 2976 1226 3037 die
1239 2992 1293 3034 ass

178 3058 418 3139 dependendum.
447 3058 537 3116 Vetat
558 3058 659 3134 itaque
679 3055 754 3114 haec
772 3055 824 3114 lex
843 3077 912 3116 cum
930 3059 1043 3138 populo
1064 3056 1113 3133 agi
1128 3056 1174 3117 de
1189 3059 1293 3121 remit-

84 3156 90 3164 '
176 3143 268 3201 tenda
279 3143 418 3218 cuiquam
432 3160 486 3198 seu
500 3140 596 3198 multa
607 3159 659 3198 seu
670 3140 796 3200 tributo.
815 3136 897 3216 τάξις
911 3152 956 3201 est
967 3142 1048 3221 quod
1059 3138 1201 3206 debatur
1212 3165 1294 3205 aera·
1328 3164 1331 3169 '

64 3244 69 3253 ’
150 3266 153 3273 ι
177 3225 224 3289 rio
245 3224 370 3283 nomine
388 3224 494 3283 tributi
508 3226 582 3303 reip.
598 3226 808 3287 sustentandae
827 3246 913 3305 ergo:
945 3224 1065 3307 ὄφλημα
1083 3233 1130 3284 est
1154 3224 1296 3289 debitum

142 3332 145 3339 ·
173 3332 195 3370 e
212 3310 304 3369 multa
316 3331 378 3370 non
391 3306 544 3392 persoluta
561 3319 759 3371 contractum.
781 3331 885 3372 uersu:
906 3313 968 3389 Ego
983 3313 1112 3394 'l‘ayloro
1128 3315 1295 3375 assentior.

143 3444 145 3449 ,
176 3397 245 3479 Ipse
265 3397 403 3469 Reiskius
417 3418 491 3458 mox
514 3396 565 3481 (ad
578 3418 607 3459 v.
623 3394 665 3478 8.)
690 3397 856 3474 intellexit,
866 3408 932 3475 “sua
948 3398 973 3456 si
988 3418 1059 3457 vera
1075 3395 1113 3454 sit
1130 3392 1299 3481 interpreti

141 3485 267 3561 “tatio‚
290 3484 382 3544 scribi
403 3486 525 3563 debere,
548 3484 652 3544 addito
672 3484 815 3562 articulo,
836 3486 891 3564 τῆς
909 3477 1030 3558 τάξεως.
1060 3479 1143 3554 Quid
1165 3484 1294 3547 multal

40 3590 46 3597 ·
154 3566 243 3631 vInd.
265 3569 428 3631 Graecitat.
448 3574 480 3672 μ’,
502 3574 575 3635 490.
597 3569 637 3633 ἰο.
660 3571 749 3650 plane
770 3580 806 3629 ut
825 3569 972 3650 Taylorus
991 3569 1237 3646 interpretaturi
1260 3570 1295 3631 de

159 3642 270 3714 'teliore
285 3654 402 3717 ratione
418 3651 489 3715 ουδὲ
502 3648 567 3735 μού.
589 3655 853 3734 Adn.Tay10r.ad
872 3677 902 3734 p.
920 3659 993 3731 768,
1010 3659 1059 3718 16.
1081 3670 1255 3717 sensurae.

160 3728 163 3735 ¹
262 3741 297 3801 P.
318 3740 391 3805 715.
412 3756 443 3797 v.
465 3734 575 3815 δι’τήν
598 3734 722 3817 diesen]
755 3740 878 3799 Scilicet
900 3745 957 3801 τοῦ
977 3738 1087 3827 λέγειν,
1117 3733 1178 3795 hac
1198 3739 1242 3799 de
1262 3758 1295 3801 re

179 3840 248 3883 cum
263 3824 380 3905 populo
396 3820 512 3899 agendi.
535 3821 569 3881 V.
583 3840 613 3885 v.
629 3828 658 3888 8.
675 3832 704 3880 et
720 3829 769 3889 18.
792 3841 890 3883 narsis.

157 3981 193 4011 μ’
226 3962 243 4006 ,Ι
264 3910 295 3966 Ρ.
317 3910 389 3977 715.
410 3927 441 3971 ν.
462 3909 493 3972 4.
516 3899 563 3979 uic
577 3899 617 3967 άν
633 3900 719 3994 66th
743 3906 867 3965 Scilicet
879 3906 1080 3987 ψηφίσασθαι
1094 3900 1154 3986 τήν
1168 3892 1292 3993 άδειαν.

47 4050 56 4073 .
104 3994 361 4075 ·‹s:†sc'1'ssssea;·,
381 4027 397 4045 ··
443 4066 446 4071 .
958 4054 961 4059 -
1080 4052 1083 4057 -
1118 4006 1124 4075 ἶ

223 4064 591 4157 ’··ἀ.·τισ.”τ’.·ῖ1.ἰοο’
607 4068 626 4137 t'
641 4073 685 4154 ιι]
708 4074 731 4133 1.
753 4092 783 4153 q.
805 4072 846 4146 ος
865 4094 895 4134 v.
919 4078 967 4140 rs.
990 4076 1167 4140 saman*
1201 4076 1208 4087 ’
1266 4070 1277 4149 Γ·
1334 4130 1337 4137 .

160 4176 175 4239 ’·,
230 4152 867 4249 -’1,)’.’71’5.’ν”.’5.’τῷ]ἰἈ1ιοοῐοῬοοΙίοο.
891 4180 988 4223 neren
1025 4164 1032 4207 Γ
1099 4182 1102 4187 ·
1131 4182 1133 4186 ·
1250 4194 1258 4201 -

30 4248 36 4257 ’
127 4282 130 4287 ·
158 4260 164 4279 ¹
202 4250 206 4271 ¹
266 4250 298 4311 P.
319 4250 391 4323 715.
413 4256 443 4306 u.
458 4247 495 4317 ‘'6ss
518 4241 745 4343 idtooi]³'·;l'nlg;
765 4235 862 4327 οὗτος.
886 4242 990 4317 ούτοσλ
1010 4246 1135 4329 iugiter.
1156 4252 1293 4331 primus.

179 4327 523 4413 astem‘oiivng‘liekken
541 4324 729 4419 senuisti·
908 4332 912 4339 ’
1150 4334 1153 4341 ’

37 2912 71 2979 ὁ
