2700 4740
39 196 55 237 ·-·
110 200 180 274 216
483 190 852 257 snuorsrrours

110 394 113 399 ·
198 369 236 445 P.
255 371 328 440 721.
349 385 379 427 v.
400 357 599 435 23.’τοιίτοος
625 355 697 433 code
721 351 861 440 νόμους]
898 355 961 418 Aut
987 356 1167 435 legendum
1191 366 1257 431 est¹

118 458 228 520 ςοῦτον
240 448 295 516 τᾶν
311 444 424 532 νόμον,
447 445 530 529 (nam
554 446 591 505 de
613 465 675 505 una
690 444 868 505 Timon-stis
881 442 947 520 lege
966 462 1071 513 sereno
1092 439 1166 523 est,)
1188 453 1235 501 aut

42 568 45 573 ·
93 578 96 583 ·
119 538 199 603 hanc
218 539 313 615 legem
339 535 471 614 appellet
489 525 603 610 νόμους
610 578 622 607 ,
642 529 710 608 quia
734 528 963 588 constitutiones
983 534 1125 587 numeri>
1139 528 1235 607 plures

120 622 350 704 complectitur,
372 628 425 678 sut
444 616 540 700 possit
553 615 641 674 etiam
657 608 902 690 legirdreuu‘rov
914 606 1027 692 νόμον.-
1047 612 1088 673 V.
1110 633 1146 692 p.
1168 616 1236 690 721,

120 714 151 779 8·
172 709 245 784 725,
269 711 319 771 17.
346 702 405 763 Sed
419 702 511 761 entius
525 709 570 759 est
584 700 738 776 vulgatum
760 717 887 761 servare.
910 697 985 757 vPuri
999 696 1102 757 modo
1121 718 1158 777 p.
1170 703 1237 774 734,

9 838 14 847 .
120 799 174 863 28.
193 788 266 866 τούς
287 783 402 868 νόμους
422 786 571 867 appellnt,
592 789 711 852 tametsi
727 783 817 842 unice
839 780 929 843 modo
949 782 1002 841 lex
1027 791 1124 841 esset.
1147 802 1238 843 nnuc

122 877 232 937 Omnia
254 894 341 937 vona.
372 872 508 947 Intellige
533 869 612 946 leges
636 869 785 947 posterius
804 867 962 942 recitatos,
990 865 1029 924 in
1053 866 1180 945 quibus
1202 877 1239 951 est

123 962 214 1024 etiam
238 956 417 1020 Timocratis
437 957 531 1037 prior.
570 952 602 1016 ol
627 951 839 1037 προειρημένοι
864 960 936 1013 sunt
963 950 1057 1030 prius
1083 952 1238 1012 recitatae,

124 1044 215 1120 Quod
234 1052 333 1102 autent
357 1041 468 1119 legitur
491 1061 523 1121 p.
543 1040 616 1111 734,
641 1042 702 1112 28„
725 1037 759 1099 iu
782 1036 955 1097 universum
973 1035 1100 1095 dictum
1122 1046 1191 1115 est,
1211 1049 1240 1098 ut

39 1200 42 1209 1
125 1129 248 1193 omniuo
256 1128 449 1203 Timocrates,
462 1145 519 1205 que
531 1122 731 1203 legislatorem
745 1142 776 1181 se
789 1120 874 1199 gerit,
881 1121 1059 1180 infametur.
1075 1141 1237 1185 summ

210 1236 243 1296 Ρ.
265 1239 338 1300 721.
357 1251 388 1293 v.
409 1234 461 1297 27.
483 1223 594 1309 αὐτοῦ]
619 1224 711 1293 οὔτᾶν
728 1228 856 1307 August.
877 1227 1142 1311 primusuursx.

211 1342 245 1403 Ρ.
265 1345 339 1408 721.
359 1358 390 1399 v.
412 1342 464 1403 27.
486 1335 550 1416 καὶ]
573 1334 664 1396 Abest
677 1336 713 1396 ab
728 1334 855 1417 August.
869 1334 978 1415 primo.
998 1353 1119 1396 rursu..

117 1482 120 1487 ·
211 1447 245 1505 P.
265 1451 339 1510 721.
360 1463 391 1503 v.
412 1447 464 1509 28.
487 1437 707 1522 resplendens]
738 1443 775 1502 de
798 1440 863 1516 his,
889 1439 928 1498 ud
951 1437 1062 1516 husos
1085 1463 1172 1522 quse
1190 1445 1241 1525 ipd

115 1531 327 1615 exprobravi,
347 1537 378 1588 et
390 1546 519 1608 quorum
532 1529 724 1608 complexum
739 1527 842 1586 statim
855 1524 986 1584 subiicit.
1005 1544 1118 1587 rerer.
1172 1548 1175 1553 ·

116 1658 120 1665 ·
212 1639 244 1698 P.
267 1642 340 1707 722.
361 1652 392 1694 v.
416 1640 445 1699 1.
469 1628 633 1713 δεικνύειν]
655 1627 942 1716 Ἀιιιιιώεερονοιοκ
954 1651 984 1692 V.
1003 1634 1058 1697 12.
1076 1606 1242 1713 δεικνύναι,

129 1743 191 1806 quo
208 1722 296 1782 etium
308 1744 339 1801 p.
354 1724 427 1796 720,
443 1724 473 1783 2.
489 1739 562 1777 usus
577 1728 630 1777 est.
651 1738 808 1778 susurrus.
1121 1718 1125 1723 '
1180 1738 1190 1747 ·

112 1879 121 1891 .
152 1852 156 1859 ’
213 1829 247 1886 Ρ.
271 1832 344 1891 722.
364 1845 395 1883 ο.
419 1829 447 1887 1.
470 1817 601 1906 [αοίὁνΠ
626 1821 718 1880 Abest
736 1823 772 1880 ab
792 1823 915 1898 August.
935 1821 1050 1902 primo.
1084 1822 1240 1887 Uncisin-

132 1908 217 1972 clusi.
237 1929 335 1971 urtsr.
355 1909 458 1967 Uncos
470 1907 582 1966 emovit
597 1907 723 1966 Bekker.
745 1925 903 1968 scnsurrn.
970 1946 974 1953 =

137 2034 141 2041 ·
215 2011 345 2081 1¹:722.
365 2033 396 2073 v.
418 2017 447 2078 2.
470 2005 600 2092 [ιοῦιἸ]
623 2009 714 2070 Abest
735 2013 772 2070 ab
793 2012 916 2089 August.
942 2008 1065 2093 primo:
1082 2005 1246 2076 Uncisiu·

133 2099 219 2161 clusi.
239 2103 327 2167 τοῦτο
342 2098 423 2159 redit
438 2119 482 2174 eo,
505 2097 600 2156 scilic.
616 2092 692 2163 ὅτιὸ
710 2094 804 2179 νόμος
817 2092 914 2159 αὐτοῦ
928 2095 1072 2171 ἐναντίος
1092 2100 1164 2167 ἐστὶ
1182 2106 1249 2164 πᾶσι

132 2192 196 2259 τοῖς
210 2182 318 2257 ἄλλοις.
341 2202 437 2243 rursu.
458 2184 568 2242 Parum
580 2181 656 2240 haec
668 2182 747 2241 inter
763 2204 794 2240 se
807 2181 981 2241 concinunt.
1003 2182 1134 2265 Nempe
1150 2196 1248 2267 poste-
1268 2202 1289 2229 ⁸¹

132 2269 216 2328 riora
238 2268 415 2347 scripserat,
437 2276 595 2344 antequam
616 2266 652 2323 ab
675 2264 849 2343 Augustnno
863 2265 943 2324 libro
961 2286 1150 2346 pronomen
1165 2272 1249 2333 omit·
1287 2268 1289 2273 ’

4 2386 10 2427 2
115 2361 216 2411 'lente
243 2360 432 2426 moveretur,
468 2359 503 2437 ut
528 2349 630 2431 priora
658 2349 788 2411 adderet.
833 2352 936 2409 Uncos
966 2352 1090 2411 amovit
1122 2356 1247 2419 Bekker.

122 2437 293 2500 'sensurum
645 2476 656 2485 ·
803 2486 812 2498 .
1023 2481 1027 2486 -
1282 2522 1286 2529 ¹

220 2542 252 2603 Ρ.
273 2544 345 2635 722.
365 2559 396 2602 v.
417 2546 448 2608 2.
471 2540 599 2622 μισθοῦ]
621 2541 656 2602 V.
671 2550 734 2601 not.
749 2542 786 2601 ad
804 2563 836 2622 p.
853 2542 924 2620 151,
940 2548 990 2608 17.
1011 2563 1194 2611 sensurus.

219 2647 252 2706 P.
273 2651 346 2712 722.
367 2666 397 2706 v.
418 2651 449 2712 2.
470 2645 522 2708 καὶ
538 2641 665 2728 γράφων
686 2646 738 2709 καὶ
760 2642 875 2729 νόμους
894 2647 1063 2729 εἰσφέρων]
1094 2653 1251 2715 Vrdsntut

136 2727 228 2790 verba
253 2731 474 2810 trarrsponenda
497 2750 573 2789 esse:
598 2731 649 2794 καὶ
668 2726 794 2814 γράφων
816 2727 927 2812 νόμους
939 2733 991 2795 καὶ
1006 2734 1183 2818 εἰσφέρων.
1205 2746 1252 2798 rut

137 2815 195 2873 sic:
217 2811 267 2876 uel
284 2812 412 2899 γράφων
426 2814 478 2878 καὶ
492 2815 641 2898 εἰσφέρων
661 2813 782 2897 νόμους.
804 2818 867 2876 Nisi
883 2818 967 2876 melis
984 2813 1124 2899 γράφων
1143 2824 1252 2883 hebere

136 2901 288 2979 prounde
307 2899 350 2959 sic
358 2946 368 2978 ,
389 2920 504 2981 perse,
525 2902 625 2981 posito
645 2910 675 2959 et
688 2922 757 2959 cum
770 2897 880 2980 νόμους
890 2902 973 2961 haud
986 2901 1191 2986 cohaerente,
1208 2910 1246 2967 ito

86 3036 87 3040 ,
114 2993 173 3052 fut
189 2984 273 3058 ὅίιιοις
290 2985 497 3044 subaudiatur.
525 2985 578 3062 qui
593 2985 708 3043 dudum
725 3005 756 3040 se
774 2977 898 3062 gesserit
912 3007 995 3060 euno,
1017 2987 1070 3065 qui
1084 3011 1155 3067 pro
1172 3013 1250 3053 mer-

139 3068 211 3134 cede
225 3069 291 3125 aliis
305 3070 453 3127 orationes
468 3067 586 3141 scribat,
608 3088 680 3145 quos
696 3070 894 3142 conducentes
912 3071 944 3128 in
958 3071 1080 3129 iudiciis
1097 3079 1251 3151 recitent3

138 3147 212 3206 item
231 3150 284 3226 qui
303 3171 360 3226 pro
384 3151 527 3216 mercede
540 3150 619 3227 leges
639 3152 679 3225 in⁹
690 3154 864 3212 concionem
882 3156 1005 3231 inferat,
1028 3176 1105 3232 ques
1134 3164 1253 3221 nliiiu·

139 3232 219 3290 ferre
241 3236 385 3292 metuant.
410 3252 507 3325 rursu.
543 3231 670 3320 γράφων
696 3237 733 3295 de
763 3239 972 3324 psephismetis
997 3241 1253 3321 intelligendum.

140 3335 299 3377 scesnrnn.
538 3364 542 3375 ,

224 3403 255 3460 Ρ.
277 3406 349 3468 722.
370 3422 400 3462 v.
421 3406 452 3468 4.
475 3401 608 3490 ἔνεστιν]
639 3406 718 3472 ἐστιν
740 3411 869 3489 simplex
892 3409 942 3467 dot
964 3406 1089 3485 August.
1114 3415 1253 3490 primus.

144 3484 266 3547 Wolfius
278 3487 313 3545 in·
324 3488 484 3565 Farragine
499 3493 538 3551 nd
556 3493 669 3559 ἔνεστιν
685 3496 756 3571 eddi
775 3495 844 3552 vult
865 3493 975 3556 εἰπεῖνε
999 3507 1141 3574 quaeest
1158 3499 1254 3561 halu-

141 3569 252 3631 cinatio
266 3570 433 3629 festinantis
448 3583 477 3630 et
493 3578 590 3637 minus
605 3581 720 3640 attenti.
740 3574 841 3636 rursu.

48 3693 53 3705 “
130 3691 132 3695 “
163 3664 169 3675 *
194 3660 209 3757 Α,
223 3670 257 3738 Ρ.
278 3682 350 3742 722.
370 3696 401 3736 v.
423 3681 452 3741 4.
474 3677 668 3763 ὁμολογῆσαι]
692 3681 880 3767 ‹lpotoystoss
891 3684 923 3743 P.
939 3684 1102 3746 Manutius.
1125 3707 1234 3753 Rursus.

224 3786 257 3843 Ρ.
279 3789 350 3848 722.
371 3802 401 3843 V.
423 3783 452 3848 5·
475 3778 629 3866 οὐδὲγὰρ]
652 3781 690 3849 ου’
703 3783 760 3869 peip
776 3787 901 3850 Beklser.
923 3813 1081 3853 sensurus.

126 3924 131 3930 -
171 3964 178 3979 .
224 3882 572 3983 P·'7223v·6·0113193]
600 3889 681 3977 adegi
700 3892 828 3956 Belkeri
851 3897 1068 3976 Beroliueusis,
1099 3884 1253 3983 sequente

141 3965 307 4030 Dindorfio.
329 3975 379 4033 Sic
393 3973 481 4034 ctiam
495 3990 525 4030 v.
539 3978 569 4038 8.
590 3995 749 4038 sensurus.
768 4004 771 4009 ·

125 4085 151 4099 ’·
224 4075 257 4133 Ρ.
279 4080 353 4171 722.
372 4096 413 4137 v.
424 4083 454 4143 7.
475 4074 552 4159 ὑπὲρ
565 4073 678 4162 μεγάλοι
693 4114 728 4129 -
744 4080 959 4166 προσηκόντων
974 4084 1068 4171 edroi]
1089 4070 1252 4159 Videntur

114 4169 116 4173 ’
142 4156 244 4216 deesse
261 4161 500 4251 coniunctiones:
522 4159 598 4244 ὑπὲρ
617 4159 731 4246 μεγάλοι
751 4166 820 4248 μὲν
838 4153 1133 4254 ἠδικηκότωνῦμᾶς,
1149 4175 1251 4245 οὐδὲν

75 4298 77 4304 .
143 4236 416 4325 clementissmo
439 4242 529 4331 αὐτῷ.
550 4267 651 4309 wore.
674 4251 728 4310 Vel
742 4254 845 4333 potius
858 4278 928 4316 cum
944 4256 1109 4339 venneto
1127 4260 1251 4346 μεγάλοι
