2700 4740
183 237 186 248 '
219 271 299 330 sn
322 235 666 341 oser-coarat
684 242 1063 343 emarecescens.
1182 291 1203 352 a

102 409 354 547 menmolnpetiyp,
376 440 510 528 πολλαχῇ
528 436 583 522 μίν
596 433 753 531 καίῶλίρ,
775 439 902 526 μάλιστα
915 432 946 510 δ’
961 430 1055 523 evole
1071 446 1121 513 τὸν
1133 448 1203 535 ι’τερί
1248 503 1257 516 .

102 544 163 592 των
184 546 288 603 νομῶν
308 526 476 589 ακοδίδοισι
494 523 586 609 λόγου
600 527 650 590 καί
664 526 716 592 τόν
737 529 806 611 περί
827 535 889 592 τῶν
906 538 1046 610 φονικῶν
1066 536 1203 616 δικαστη-
1232 599 1244 612 .

104 605 188 686 ρίων,
203 600 302 698 ἒφίιῖς
313 611 414 692 χρείας
428 609 553 674 ἕκαστον
562 611 705 675 τέτακται.
727 613 803 674 Item
818 615 901 675 Theo
914 618 1074 696 Progymu.
1089 640 1157 698 pag.
1166 621 1202 688 ⁴6.

105 689 138 750 οί
150 695 225 772 γοῦν
239 688 392 758 κάλλιστοι
402 700 463 757 τῶν
476 697 631 776 δημοσίων
644 693 743 780 λόγων
759 698 847 778 είσὶν,
868 699 902 763 ἐν
921 696 968 775 οίς
980 703 1050 786 περὶ
1064 699 1161 783 νόμου
1174 728 1204 767 τι
1291 760 1305 783 Ι.

103 767 335 855 ἢψηφίσματος
356 772 597 860 ιίμφισβητεῖτοιιζ
609 785 611 790 ⁴
623 780 698 864 λέγω
720 779 754 844 δέ
773 777 828 847 τόν
847 805 880 847 τε
897 784 968 867 περί
984 780 1137 864 στεφάνου
1151 785 1205 851 καί
1223 854 1225 858 .

101 852 151 919 τὸν
172 858 248 921 smol
265 856 482 945 Ἀνδροτίωνος
496 864 552 926 καί
572 859 776 949 Τιμοκράτους
797 865 849 930 καί
867 862 1120 952 Ἀριστοκράτους.
1143 866 1203 935 όίί-
1228 880 1230 884 ’

99 964 156 1038 γον
176 941 234 1027 γδρ
256 941 429 1031 διήνεγκεν,
459 948 488 1010 εί
506 945 553 1029 μὴΓ
570 943 683 1031 νόμον,
711 945 954 1034 attestationes
974 949 1210 1038 Ἀριστοκράτης

99 1026 221 1109 ἔγραψε.
250 1029 350 1112 Atque
370 1032 459 1091 etism
478 1033 558 1093 inter
574 1039 640 1098 τῶν·
656 1036 820 1100 δικανικῶν
834 1039 1008 1113 καλλίστους
1025 1041 1106 1099 locat
1121 1042 1202 1100 Her-

98 1133 238 1192 mogenes
259 1126 294 1198 pt
312 1118 385 1185 376.
407 1111 490 1199 edit.
508 1119 604 1200 (hisp.
630 1114 685 1183 τόν
709 1115 785 1183 κατὰ
804 1113 1050 1204 Ἀριστοκρότους
1072 1124 1126 1188 καί
1150 1121 1201 1189 τδν
1259 1166 1264 1176 ,
1311 1199 1315 1205 ‚

97 1195 175 1279 ’ὑπὲρ
191 1196 351 1280 στεφάνου.
372 1202 535 1284 Exemplar
547 1208 605 1267 τοῶ
617 1205 777 1268 δικανικοῦ
792 1211 978 1290 χαρακτῆρος
988 1208 1124 1269 nominat
1139 1209 1201 1270 eius

33 1326 38 1331 .
98 1281 278 1346 scholiastes
300 1293 367 1368 p‘ag.
390 1292 441 1354 74.
492 1288 582 1348 Cuius
603 1289 674 1348 item
700 1289 774 1348 alibi
799 1286 1028 1369 sententia'est,
1058 1314 1146 1372 quam
1169 1291 1201 1354 e't

27 1385 29 1388 ·
98 1387 152 1426 sua
166 1390 287 1451 quoque
302 1373 493 1434 confirmavit
506 1373 651 1434 Aristides
661 1375 785 1451 Rhetor,
802 1375 836 1434 in
851 1396 885 1435 ea
899 1377 1065 1437 elucescere
1081 1387 1200 1438 utram-
1249 1384 1255 1395 ’

97 1471 156 1532 que
171 1453 284 1534 ideam,
306 1467 369 1518 tam
384 1479 460 1538 quae
475 1459 684 1536 deliberativo,
707 1469 889 1540 quam'quae
910 1463 1053 1542 competit
1064 1462 1200 1522 iudiciali

66 1582 69 1587 .
96 1541 235 1599 sermoni.
278 1543 382 1622 Neque
405 1563 448 1608 eo·
472 1545 571 1618 solum
596 1553 713 1617 ornatu,
733 1545 877 1604 orationis
892 1549 1060 1622 -exaratur,
1092 1567 1199 1607 verum

95 1621 184 1680 etiarn
198 1644 316 1691 summo
329 1627 429 1685 studio
444 1629 520 1706 reip.
564 1628 655 1700 Quod
670 1629 743 1686 olim
763 1628 934 1687 observavit
952 1630 1109 1689 Panaetius
1128 1630 1199 1710 phi-

95 1705 240 1784 losophus
260 1708 499 1769 deorationibus
523 1703 750 1792 Ctesiphontea,
772 1710 991 1789 Aristocratea,
1012 1714 1155 1794 Leptines
1169 1724 1199 1774 et

11 1852 13 1859 ‚
93 1785 272 1870 Philippicis
283 1794 364 1874 apud
380 1793 573 1854 Plutarchum
585 1795 619 1853 in
638 1795 707 1854 Vita
723 1795 856 1854 auctoris
872 1795 979 1856 nostri.

178 1878 287 1938 Habita
294 1889 368 1956 erat,
382 1880 485 1938 eodem
495 1879 656 1940 Plutarcho
664 1889 751 1955 teste,
763 1879 1050 1960 iuxtaidtemporis,
1060 1899 1121 1960 quo
1129 1880 1198 1941 illas
1223 1928 1226 1936 ,

73 2004 75 2008 .
94 1962 183 2022 etiam
193 1963 307 2040 habuit,
318 1985 343 2024 e.
356 1964 574 2024 Androtionem
588 1986 678 2023 unam
688 1973 717 2023 et
729 1966 852 2024 alteram
860 1985 886 2026 e.
897 1966 1108 2026 Timocratem.
1128 1970 1198 2029 Τῶν

12 2055 15 2060 ’
93 2043 724 2131 δὲδημοσίοινδμίυκυτ’Ἀνδροτίωνοςκυί
737 2042 1196 2132 ΉμδκρότονςκαίἈρισιοκρό-
1248 2080 1251 2087 »

69 2147 82 2162 ’·
92 2156 164 2206 τους
176 2128 489 2235 ἕτέροιςἋίγρόφησαν,
505 2131 593 2193 ostam
607 2138 647 2215 τῇ
662 2136 797 2230 τιόλιτείρι
811 2129 1088 2212 προσεληλυθότος·
1114 2136 1201 2196 δοκεῖ

92 2212 151 2299 γδρ
177 2217 297 2296 δυοῖνη
314 2220 406 2297 τριῶν
425 2213 531 2277 δέοντο
551 2213 601 2294 ίτη
620 2237 780 2294 τριακοντοι
800 2211 931 2298 γεγονῶς
945 2214 1108 2297 ἐξενεγκεῖν
1123 2215 1197 2291 mdc
1273 2233 1276 2244 '
1300 2232 1304 2241 “

91 2295 202 2382 λόγους
220 2299 362 2375 ἐκείνους.
384 2299 494 2359 Verum
508 2298 568 2357 hoc
585 2297 706 2376 quidem
727 2307 780 2357 aut
796 2319 869 2358 vero
885 2300 991 2358 saltem
1009 2301 1196 2380 proximum,

26 2370 51 2401 ⁹
92 2386 175 2465 quod
191 2384 233 2443 ait
250 2386 287 2447 de
301 2384 444 2464 Leptines
459 2393 489 2443 et
503 2383 705 2463 Timocrates:
727 2382 823 2443 serius
837 2392 939 2443 tamen
953 2384 1106 2463 aliquanto
1120 2384 1194 2445 haec

67 2479 197 2541 *contra
216 2469 448 2546 Aristocratem,
470 2467 837 2548 Olympseilicetcvll.
862 2473 899 2543 1.,
923 2487 991 2527 cum
1014 2470 1194 2530 Demosthe·

90 2575 144 2613 nes
164 2554 267 2612 aetatis
290 2564 389 2632 ageret
412 2573 525 2613 annum
547 2552 745 2630 trigesimum,
776 2553 802 2610 si
823 2553 968 2632 Dionysio
993 2552 1088 2614 Halic.
1108 2555 1193 2616 fides.

88 2633 141 2700 Ἐν
159 2633 257 2722 τούτῳ
283 2644 325 2721 τῷ
348 2632 444 2723 χρόνῳ
472 2635 599 2719 (nempe
619 2637 809 2696 Aristodemo
831 2647 983 2716 praetore,
1007 2639 1059 2717 qui
1074 2641 1193 2699 fuit-eo

91 2743 186 2796 anno,
210 2740 298 2799 quem
318 2719 555 2799 designavimus)
578 2720 630 2783 καί
650 2717 705 2784 τόν
725 2712 801 2782 uesci
818 2715 1063 2802 Ἀριστοκράτους
1074 2723 1193 2807 Δίγροιψε
1248 2725 1250 2728 ’

90 2801 183 2888 λόγον
201 2800 364 2882 Εόθυκίεῖ
378 2809 422 2890 τῶ
439 2799 580 2889 διῶκονιι
601 2800 787 2885 παρανόμων
805 2803 839 2867 vd
860 2800 1017 2887 ψήφισμα.
1037 2809 1131 2888 Epist.
1152 2808 1192 2869 ad
1257 2858 1262 2865 .
1305 2839 1315 2852 ν

75 2891 264 2961 ,Δωωοοωιι
284 2887 314 2968 5.
336 2893 366 2954 4.

174 2975 250 3047 Quis
270 2983 371 3032 autem
394 2971 487 3032 fuerit
508 2971 564 3031 iste
588 2970 768 3050 Euthycles‚
797 2970 883 3029 cuius
912 2971 946 3030 in
967 2972 1094 3050 gratiam
1115 2972 1191 3033 haec

89 3058 244 3138 scripserit
262 3057 489 3132 Demosthenes,
517 3057 639 3138 penitus
658 3057 831 3134 ignoratur,
854 3065 883 3114 et
901 3055 987 3114 iuxta
1008 3057 1075 3137 quis
1096 3058 1192 3123 fuerit

89 3144 141 3206 ille
158 3143 370 3217 Aristocrates,
393 3142 446 3220 qui
464 3140 516 3201 hie
537 3142 735 3200 insimulatur.
759 3141 877 3199 Certum
891 3140 1005 3200 interea
1018 3151 1063 3202 est
1076 3161 1190 3219 errasse
1215 3137 1220 3150 '

57 3299 60 3303 ι
89 3227 277 3286 Scholiasten
297 3225 505 3305 Aristophanis
524 3227 563 3284 ad
582 3228 660 3285 Aves
685 3229 765 3299 126,
788 3245 856 3283 eum
875 3226 932 3301 ait,
959 3226 1051 3286 fuisse
1068 3220 1189 3287 Aristo-

89 3322 203 3378 cratem
225 3312 327 3370 Scellii
348 3311 392 3386 F,
415 3310 468 3388 qui
482 3309 607 3368 inbelle
624 3309 874 3389 Peloponnesiaco
892 3310 987 3369 multa
1005 3312 1122 3389 egregia
1139 3313 1189 3380 fa-⁴

89 3398 192 3461 cinora
213 3396 316 3455 edidit.
338 3394 507 3474 ·Epichares
524 3394 618 3469 enim,
640 3393 693 3471 qui
706 3414 762 3473 per
773 3392 848 3452 haee
862 3402 996 3472 tempora
1020 3396 1188 3454 orationem

11 3488 22 3497 ‘
87 3481 195 3540 habuit
217 3481 285 3539 adv.
312 3480 522 3553 'Pheoerinem,
555 3476 758 3536 -Demosthene-
779 3475 943 3550 scribente,
973 3476 1187 3538 Aristocratem
1210 3536 1214 3548 ,

86 3567 181 3624 istum
193 3565 341 3623 ScelliiF.
356 3573 453 3633 vocat,
463 3564 646 3623 avunculum
662 3562 712 3621 avi
728 3560 792 3637 sui,
812 3567 849 3618 ut
869 3559 980 3626 mirum
992 3560 1048 3638 sit,
1069 3561 1095 3620 si
1111 3561 1187 3622 haee

10 3651 13 3655 ’
87 3651 271 3711 concordare
282 3650 409 3730 possint.
428 3650 638 3729 Nequeporro
655 3648 793 3728 profecto
810 3644 972 3705 verisimile
996 3656 1042 3705 est
1058 3648 1186 3708 eundem
1213 3708 1218 3719 .

50 3808 52 3812 Ι
86 3735 358 3814 fuisseimpetitum
367 3732 648 3814 abAristophanein
656 3731 766 3807 sabula,
784 3731 1098 3810 quam'deditolymp.
1107 3732 1184 3793 XCI.

32 3810 53 3842 '¹
86 3825 128 3896 2,
149 3829 180 3878 et
193 3841 210 3877 a
223 3819 422 3892 Demosthene
436 3819 469 3877 in
485 3818 629 3893 oratione,
652 3838 741 3896 quam
756 3815 865 3875 habuit
880 3816 1002 3895 Olymp.
1026 3816 1111 3876 cvfl.
1135 3821 1164 3882 1.
1250 3883 1254 3895 .

148 3968 152 3974 .
173 3903 246 3961 Cum
261 3904 407 3964 nonnulla
422 3903 484 3962 sint
494 3903 527 3962 in
546 3902 604 3962 hae
621 3902 771 3977 oratipne,
794 3920 871 3980 quae
891 3900 962 3959 alibi
978 3901 1060 3979 apud
1072 3903 1184 3960 Demo.
1206 3900 1207 3903 ’

35 4016 38 4022 ·
86 3985 222 4048 sthenem
234 3989 446 4065 leguntur,ut
463 3988 536 4048 olim
556 3987 779 4062 adnotavimus,
806 3985 1002 4066 praecipuum
1018 3994 1078 4061 est,
1101 3984 1185 4065 quod

85 4075 180 4132 multa
202 4071 450 4133 hinetranstulit
470 4072 707 4147 adorationem,
735 4091 810 4150 quae
832 4069 1008 4130 inscribitur
1023 4071 1092 4152 περὶ
1113 4089 1183 4133 συν·

84 4151 212 4234 τόξευςε
245 4158 282 4216 de
308 4177 365 4237 qua
381 4177 415 4216 re
436 4178 500 4218 non
518 4157 585 4219 love
607 4156 730 4236 aliquod
750 4156 784 4215 in
805 4155 885 4215 notis
909 4154 1060 4216 edietum
1080 4155 1184 4217 locun

66 4241 165 4303 infra
181 4242 411 4306 observavimus.
520 4250 527 4256 ’

493 4361 802 4384 w

923 4373 1123 4486 sc*
