2700 4740
188 295 191 301 .
241 252 323 312 nn
345 252 478 316 onas.
497 253 689 321 conans
707 217 1121 328 snisrocnsrsn.'
1186 271 1226 345 ss
1254 306 1258 312 -
1295 348 1301 355 ,

120 421 198 491 'atem
216 429 269 481 eet.
288 418 422 502 „Itaque-,
452 421 558 486 deletis
576 424 897 508 subdistinctionibus,
928 431 1130 493 continuanda
1148 427 1182 516 ἢ
1193 432 1229 500 ἐν

126 503 190 589 ὁδῷ
204 504 343 571 καθελών
357 505 380 589 ἢ
394 509 427 572 ἐν
437 505 729 596 πολέμφ“αέγνοήσάς.
749 516 851 575 Cetera
866 513 924 575 viri
940 518 1049 577 summi
1067 539 1138 579 cave
1152 541 1228 600 pro·
1316 522 1319 535 '

125 589 192 648 bes:
215 612 270 651 nec
291 591 385 671 magis
408 594 549 654 audiendi
568 599 720 676 vulgatam
740 599 1106 675 mutanteslllarklandus
1119 604 1227 683 Stage-

125 671 242 753 rusque'.
281 678 364 742 xNam
392 675 424 740 ἐν
456 674 522 743 ddoi
549 677 627 760 quid
652 680 704 742 htc
730 684 879 762 significet
908 678 1020 767 optime
1058 688 1246 758 docuerunt.

64 784 67 791 ¹
126 758 332 837 Grammatici,
357 758 474 831 coid'a'ti
490 742 628 847 domines
646 777 676 827 et
693 768 877 849 indigni,qni
890 774 925 828 ut
937 778 1096 850 nugatores
1118 774 1227 835 tradu-

125 854 240 905 cantur.
269 844 392 907 Scilicet
410 848 655 947 omnis4bellandi
670 874 725 919 „ars
745 851 853 933 priscis
874 851 935 913 illis
957 853 1144 939 temporibus
1161 849 1227 921 'huc

120 928 252 1007 redibat,
274 939 310 1011 ut
331 939 383 991 eut
404 930 533 993 insidiis
555 932 694 997 hostibus
718 944 907 999 struerentur
929 934 1029 1022 (dade,
1050 935 1150 1023 λόχος)
1173 953 1227 1003 aut

120 1014 336 1094 confligeretur
357 1015 452 1077 Marte
475 1029 579 1099 aperto
602 1017 764 1105 (πόλεμος,
787 1016 898 1106 μάχη).
934 1025 1029 1085 llocet
1046 1024 1226 1089 Homericus

120 1096 227 1159 veiens
246 1099 412 1180 aTayloro
436 1102 561 1181 citatus,
591 1127 725 1189 quocum
744 1107 938 1187 'conserenda'
955 1130 1032 1190 quae
1055 1118 1226 1193 sequuntu,

74 1230 78 1235 -
120 1184 254 1245 eiusdem
267 1184 455 1266 Rhapsodiaa
475 1194 506 1249 u.
525 1194 598 1258 226.
618 1212 643 1254 a,
704 1202 706 1206 “
881 1192 898 1225 ¹1

286 1286 356 1357 οὔτε
373 1278 443 1357 ποτ’
463 1294 494 1368 ἐς
514 1286 649 1377 πόλεμον
671 1289 735 1378 ἅμα
754 1296 824 1374 laci
838 1297 1067 1382 dupggdiiaut,

285 1373 354 1441 οὔτε
374 1372 495 1460 lo'goad'
517 1379 596 1445 ἰέναι
617 1379 675 1445 osia
694 1360 888 1465 decessissem
907 1378 1043 1465 Ἀχαιῶν.
1259 1462 1263 1469 1

117 1481 209 1555 Quod
225 1493 323 1542 autem
342 1485 453 1547 Orator
466 1508 529 1546 non
543 1485 756 1567 interpretatus
769 1495 815 1548 est
832 1489 865 1552 ἕν
883 1480 947 1576 ὀδῷ
958 1487 1108 1568 καθελών,
1130 1488 1230 1552 nimi·-

117 1587 186 1625 rum
206 1567 430 1651 interpretanda
444 1572 471 1629 ei
486 1581 572 1630 erant
589 1591 664 1650 quae
680 1571 807 1632 obscura
823 1582 920 1633 essent
935 1576 1140 1650 auditoribus,
1159 1598 1222 1635 non

118 1649 342 1729 interpretanda
370 1674 447 1731 quae
464 1654 554 1713 etiam
568 1653 585 1716 d
600 1653 698 1733 rogoin
714 1677 753 1713 ex
766 1657 897 1715 Homero
911 1679 982 1734 suo,
1004 1658 1090 1716 cuius
1110 1661 1223 1717 carmi·-

116 1733 205 1792 nibus
221 1734 279 1792 iam
292 1734 381 1814 pueri
395 1759 481 1797 eures
495 1739 724 1819 personuerunt,
743 1738 817 1799 satis
829 1762 978 1822 superque
995 1740 1114 1820 cognita
1125 1741 1222 1805 lrabe-

114 1827 171 1878 ret.
193 1814 351 1881 sensuras.
376 1835 380 1839 ’
814 1830 825 1850 '

140 1952 145 1961 ·
200 1929 232 1986 P.
254 1931 326 1993 637.
347 1948 378 1988 v.
400 1927 430 1993 5.
452 1922 504 2007 ἣν]
529 1920 564 2009 [li
578 1924 639 2007 iia]
662 1929 750 1987 Deest
766 1920 790 2010 ἦ
805 1940 873 2007 ante
887 1923 928 2009 ἣν
942 1928 974 1989 in
989 1929 1081 1991 MStis
1093 1932 1219 1995 Barocc.

113 2010 276 2071 Lindenbr.
293 2013 360 2072 Ital.
381 2023 411 2071 et
432 2013 569 2081 vindob„
582 2014 754 2091 lterumque
766 2035 797 2074 v.
812 2018 874 2090 25,
897 2015 950 2073 ubi
964 2017 1058 2074 verba
1074 2016 1148 2094 legis
1167 2039 1220 2077 re-

113 2105 266 2176 petuntur.
299 2095 370 2154 Non
388 2096 526 2154 diversae
547 2097 656 2171 igitur,
677 2106 713 2154 ut
732 2098 869 2171 videtur,
891 2100 994 2175 pellex
1010 2108 1038 2157 et
1056 2121 1106 2174 ea,
1128 2121 1219 2179 quam

113 2181 216 2240 liberis
236 2179 374 2257 ingenuis
386 2178 584 2260 suscipiendis
596 2178 696 2259 habet,
724 2181 829 2239 Innuit
843 2180 921 2239 enini
935 2201 998 2241 non
1013 2177 1144 2264 ἑταίραν,
1166 2186 1220 2245 sed

115 2261 329 2341 concubinam,
360 2285 449 2345 quam
481 2254 579 2322 suboli
607 2260 814 2342 suscipiendae
836 2271 866 2323 et
887 2265 971 2343 quasi
989 2286 1115 2327 uxorem
1137 2270 1219 2329 domi

102 2348 220 2408 babere
239 2350 384 2409 solebant.
406 2367 536 2408 sareon.
567 2348 655 2426 Vulg.
676 2344 698 2427 ἢ
717 2340 766 2428 ἣν.
788 2342 906 2429 ἣιὼααῐ
922 2351 958 2408 ab
974 2351 1097 2429 August.
1108 2353 1217 2432 primo,

93 2421 272 2494 'Bavaricos
294 2434 463 2513 iterumque
474 2455 504 2493 v.
522 2435 575 2500 25.
598 2430 700 2492 llelevi
715 2444 744 2492 ct
759 2430 812 2492 hic
828 2444 857 2492 et
869 2434 957 2493 infra.
979 2434 1113 2516 Exponit
1125 2438 1217 2515 legis-

111 2519 200 2595 lator,
227 2541 315 2599 quam
331 2510 651 2579 mulieremvocabulo
665 2511 801 2596 aeditumi
816 2516 958 2596 designet,
982 2539 1046 2578 eam
1061 2518 1215 2598 nimirum,

65 2635 69 2643 ·
113 2624 203 2682 quam
225 2606 293 2681 quis
315 2604 423 2662 habeat
443 2623 545 2662 secum
567 2599 648 2661 domi
666 2599 716 2664 disi
737 2603 858 2664 araldus
878 2600 1046 2687 ἐλευθέρων
1067 2609 1217 2692 θεραπεία

112 2687 165 2749 καὶ
184 2690 322 2771 παιδεία,
344 2708 403 2765 quo
417 2687 539 2761 liberos,
561 2708 635 2765 quos
657 2685 819 2755 iamlrabet
833 2708 870 2746 ex
885 2708 979 2747 uxore
1000 2687 1130 2766 legitima
1147 2711 1216 2749 sus-

111 2781 231 2850 ceptos,
263 2770 317 2829 seu
340 2780 435 2829 matre
457 2771 592 2844 orbatos,
616 2769 669 2828 seu
687 2771 895 2830 matreadliuc
911 2775 1085 2852 superstite,
1109 2776 1216 2834 educet
1271 2821 1274 2826 .

111 2867 200 2934 atque
223 2856 350 2915 erudiat.
393 2856 461 2914 Non
483 2854 535 2912 hio
554 2853 591 2912 de
611 2854 805 2932 suscipienda
829 2858 879 2912 vel
904 2859 1071 2934 quaerenda
1091 2860 1215 2937 proles
1252 2882 1255 2891 ·

101 2942 227 3022 pellice,
238 2942 292 3002 sed
307 2939 460 2999 delibaris
476 2939 589 2998 iamex
603 2958 700 3001 uxore
714 2939 861 3017 susceptis
878 2942 975 3016 agitur
991 2961 1007 2997 a
1020 2941 1129 3020 pellice
1138 2945 1216 3001 eda-

111 3025 222 3084 candis.
248 3044 345 3089 aaran:
377 3016 488 3085 Eadem
514 3016 582 3083 Iud.
606 3023 767 3084 Graecitat.
787 3045 819 3103 p·
841 3028 913 3089 228.
948 3024 1006 3083 Sed
1027 3025 1145 3094 fallitur
1165 3027 1216 3093 vir

110 3108 252 3188 egregius.
266 3143 268 3147 <
281 3112 327 3169 Tu
350 3110 421 3169 audi
442 3108 604 3188 Taylorum
625 3109 662 3167 de
683 3109 788 3166 subole
805 3108 993 3188 suscipienda
1010 3107 1215 3188 interpretan-

108 3204 180 3259 tem.
212 3194 303 3266 Quod
320 3194 377 3251 nisi
392 3194 457 3253 talis
476 3191 850 3270 concubinaintelligende
867 3198 958 3269 esset,
980 3214 1043 3253 non
1055 3204 1215 3274 appareret
1292 3210 1300 3217 “

110 3300 199 3339 cause
224 3299 280 3338 cur
304 3277 436 3346 mulieris
455 3286 659 3356 corruptorem
680 3275 823 3354 flagrante
845 3278 969 3339 crimine
994 3277 1214 3358 deprehensum

108 3365 233 3446 impune
251 3384 358 3423 necare
379 3362 510 3423 licuerit.
539 3360 627 3420 Nunc
650 3361 817 3438 Legislator
838 3360 1011 3433 huiusmodi
1028 3364 1214 3423 concubina-

108 3457 173 3507 tum
193 3448 306 3528 pariter
322 3469 357 3507 ae
371 3447 540 3526 legitimum
560 3444 639 3503 inter
663 3445 741 3513 cives
765 3445 950 3503 connubium
965 3446 1069 3524 *poeni
1091 3447 1214 3526 capitali

98 3533 307 3599 sanciendum
322 3534 448 3593 censuit.
470 3548 627 3593 sensenna.
698 3586 701 3591 .

115 3679 119 3686 -
192 3638 225 3697 Ρ.
247 3643 319 3704 687.
339 3660 370 3698 v.
392 3643 423 3706 6.
445 3632 581 3720 φεύγειν]
604 3634 749 3713 exsulato.
768 3631 894 3695 incaute
908 3629 968 3697 lroc
981 3654 998 3693 a
1011 3632 1124 3695 Wolfio
1139 3632 1212 3695 red-
1267 3651 1273 3658 ’

109 3723 218 3782 ditum·
240 3719 282 3803 μα’
306 3718 431 3806 φεύγειν
451 3726 615 3798 κτείνοντα,
637 3741 755 3795 nereus
769 3720 870 3778 caedis
886 3723 1027 3778 sistatur.
1049 3721 1121 3787 Post
1132 3719 1212 3779 'haec

108 3808 198 3867 verba
219 3809 342 3868 Barocc.
363 3809 484 3869 subiicit
502 3807 636 3886 ἐπίσχες,
661 3812 696 3864 ut
716 3824 935 3885 nonnunquam
957 3805 1030 3865 alibi
1051 3810 1122 3885 p‘ost
1138 3804 1211 3882 legis
1256 3809 1259 3814 ’

107 3893 288 3973 particulam
303 3894 456 3954 recitatam
470 3888 597 3973 reperiri
611 3892 696 3967 solet.
719 3911 849 3951 aanor.
1061 3932 1068 3948 .

193 3976 226 4035 Ρ.
247 3981 319 4041 637.
340 3998 370 4039 u.
392 3983 424 4046 6¹
442 3966 638 4054 atelvovsnl'
661 3975 745 4054 Vulg⁴
761 3976 930 4045 ,ααείνοντα
966 3972 1122 4065 χτείαανχα
1144 3969 1211 4032 du-
1248 4048 1250 4052 Α

106 4070 185 4141 gast.
205 4062 339 4142 primus,
366 4063 537 4124 Bavaricus.
573 4061 697 4120 Correxi
726 4059 882 4123 κτέίναντα
902 4059 936 4118 in
958 4059 1068 4117 aoristo
1102 4057 1210 4137 primo.
1295 4068 1299 4075 '

108 4147 199 4219 Quod
216 4139 285 4205 c‘um
302 4147 360 4205 ianr
374 4159 445 4207 ente
456 4147 658 4222 coniecissem,
680 4146 873 4224 postmodum
889 4166 905 4202 a
920 4144 1008 4206 codd.
1021 4141 1121 4224 reperi
1135 4163 1210 4211 con-

106 4229 267 4290 firmatum.
288 4249 385 4292 nessa.
638 4236 649 4249 '

102 4334 125 4408 j
191 4316 224 4377 P·
245 4321 318 4384 637.
340 4338 371 4379 v.
393 4322 424 4386 8.
445 4310 592 4396 amovi}
623 4318 733 4395 sednon
757 4310 885 4376 Betker.
919 4310 1041 4376 τουτονὶ
1067 4309 1209 4372 'llindorfi

832 4412 1099 4491 ¹D2'
