2700 4740
142 240 208 307 ιιι
302 184 305 189 ’
381 212 386 223 “
510 222 890 321 uenerationis

145 416 226 484 sunt,
248 401 300 464 sed
316 397 386 481 quie
399 397 519 457 nullum
534 406 652 457 eertum
666 406 786 479 tempus
801 391 988 476 adso-ipsum
1002 364 1071 473 est.
1085 392 1208 457 ubuum
1220 394 1272 457 ob.

70 514 73 519 ·
145 493 287 575 scuritate
304 485 470 547 verborum
486 494 649 562 argutatum
670 504 771 545 wour.
821 548 824 555 ,

125 590 129 599 “
229 598 265 659 Ρ.
288 597 362 661 727.
383 612 414 653 v.
437 593 489 659 25.
511 590 718 673 βουλομένοις]
741 587 882 654 ἐθέλουσι
894 586 989 649 index
1002 585 1157 651 Aldinae.
1181 610 1271 651 urm.

137 760 148 773 .
228 707 262 766 Ρ.
284 704 358 769 727.
381 719 410 759 v.
433 702 484 766 25.
508 698 603 779 φησὶ]
627 694 720 779 φήσει
736 698 864 775 August.
885 693 1147 775 primus-uersu.

155 864 165 871 .
228 812 263 872 Ρ.
284 812 359 875 727.
380 827 410 867 v.
432 812 484 875 26.
506 799 562 884 ἐφ’
582 797 606 890 oi
625 803 784 884 κατέστησε
798 798 871 878 τούς
887 798 1044 884 tyronculo,
1066 796 1210 881 ἐφεῖναι
1223 808 1272 867 τοῦ
1322 850 1325 855 .

144 893 274 982 δεσμοῦ]
292 893 391 955 Verba
408 890 484 951 haee
498 891 597 951 omnin
614 890 724 951 desunt
737 891 862 969 August.
879 888 989 968 primo.
1011 908 1123 949 nersx.
1322 926 1331 941 .-

230 1006 262 1064 Ρ.
284 1006 358 1067 727.
379 1019 410 1059 v.
432 1004 484 1065 27.
506 991 649 1078 ἐφεῖναι]
682 998 764 1058 Bene
785 993 936 1077 ἀφεῖσθαι
958 986 1133 1059 Bekkerje
1151 1016 1272 1059 ,nomm

146 1089 274 1185 optimo.
295 1105 453 1148 sensurum

230 1196 263 1257 P.
285 1198 358 1259 727.
379 1212 410 1252 r.
431 1196 483 1260 28.
503 1183 763 1274 κακουργήματος]
783 1180 1040 1271 πανουργήματος
1055 1158 1270 1272 margolium·

39 1294 47 1309 ¹
146 1284 255 1345 uenae.
276 1297 377 1339 neisx.

232 1390 266 1449 P.
287 1390 361 1453 727.
382 1404 413 1444 ν.
434 1388 486 1450 28.
509 1377 612 1462 εἶπον]
633 1376 699 1445 elne
718 1381 844 1461 August.
863 1380 990 1460 primus.
1012 1400 1125 1443 unrsx.
1223 1404 1244 1433 .-

232 1496 265 1556 Ρ.
286 1498 361 1561 728.
381 1512 413 1551 v.
437 1495 466 1554 1.
487 1488 615 1569 δεσμοῦ]
639 1490 710 1549 Post
721 1488 753 1549 h.
772 1509 801 1550 v.
817 1490 907 1569 plene
920 1486 1218 1570 interpungendum,
1230 1499 1263 1549 ut

147 1586 263 1644 fectum
275 1579 309 1638 in
323 1576 490 1637 lleiskiana.
512 1595 673 1633 scissurus.

232 1691 265 1750 u.
287 1692 361 1755 τοο.
383 1705 413 1745 v·
427 1689 465 1769 ,2.
491 1676 563 1763 iot
577 1678 736 1763 lrevalui]
757 1678 846 1759 Vuls-
862 1674 885 1761 i
901 1678 1054 1763 ἒιιυοτοὶ·
1080 1676 1164 1765 dvi
1176 1682 1267 1769 ἰνα

147 1774 196 1840 ταὶ
212 1774 337 1852 August.
352 1770 487 1851 primus,
509 1768 680 1827 Bavaricus.
697 1765 823 1840 ‚Addidi
838 1767 1010 1827 articulum.
1031 1786 1149 1832 ωαχ,
1229 1788 1241 1801 ·

57 1984 63 1989 -
233 1902 266 1960 Ρ.
287 1904 361 1966 728.
383 1916 413 1958 v.
434 1902 464 1961 2.
487 1890 630 1975 teodone]
661 1890 769 1975 ἐνάτης
789 1896 902 1978 (altere
925 1920 945 1959 ν
963 1893 1072 1975 eraso)
1098 1898 1265 1961 Bevus-leus
1326 1850 1338 1921 l

147 1986 184 2048 V.
208 2008 240 2067 p.
261 1989 335 2058 713,
359 1988 387 2048 1.
411 1982 451 2040 Et
473 1980 516 2039 sie
534 2002 653 2061 quoque
673 1983 753 2043 inira
769 2002 799 2042 v.
825 1987 878 2046 23.
900 1982 959 2040 Sed
979 1980 1013 2039 in
1032 1981 1264 2065 insequentibus

147 2072 289 2134 relictum
309 2077 356 2129 est
376 2067 529 2149 geminum
545 2090 572 2129 ν.
594 2088 691 2128 uersu.
721 2061 830 2147 ἐνάτης
843 2068 972 2126 Bekksr.
992 2086 1176 2131 sciemur.

136 2230 143 2241 ,
232 2181 266 2242 P.
287 2182 361 2245 728.
383 2195 414 2234 v.
436 2178 468 2239 8.
489 2167 613 2253 desine]
637 2169 703 2237 εἶπε
724 2175 853 2253 simplex
868 2173 993 2253 August.
1012 2175 1155 2255 primus.
1182 2192 1263 2239 umet

232 2287 266 2345 P.
287 2288 361 2351 728.
381 2301 411 2341 v.
435 2284 485 2345 11.
509 2279 655 2360 [λαβεῖν]]
677 2282 823 2362 τιμωρίαν
835 2284 939 2361 λαβεῖν
952 2289 1037 2341 reete
1053 2282 1133 2359 queis
1146 2284 1265 2345 dixerit:

149 2382 182 2433 et
197 2367 336 2449 ‘sedeone
351 2368 496 2447 τιμωρίας
511 2366 640 2437 nonita.
661 2364 754 2423 Abest
769 2386 838 2441 ergo
853 2370 957 2446 λαβεῖν
969 2365 1006 2423 ab
1021 2367 1160 2443 optimis
1172 2390 1268 2429 uem-

148 2453 446 2537 pleribus‚Bo1·oce.
469 2449 583 2517 Bodlei.
607 2451 677 2526 Reg.
701 2474 729 2511 α.
751 2451 912 2511 Lindenbr.
935 2451 1010 2529 Aug.
1035 2451 1111 2513 ltal.
1142 2452 1268 2515 vindob.

149 2560 283 2601 uanos.
312 2539 417 2617 λαβεῖν
441 2537 524 2593 obest
547 2535 583 2593 ab
604 2534 728 2611 August.
749 2536 858 2615 primo.
887 2536 983 2595 Uncis
999 2536 1122 2597 inclusi
1137 2550 1171 2599 et
1186 2540 1268 2621 plene

148 2624 342 2699 delevissent,
364 2621 422 2680 nisi
437 2621 470 2681 in
490 2631 619 2681 mentem
633 2620 779 2698 venisset,
802 2632 838 2681 ut
854 2622 968 2679 dieitur
984 2620 1139 2681 umbram
1155 2646 1268 2704 poenae

149 2722 289 2791 captare,
313 2709 357 2767 sie
378 2707 468 2765 etiam
487 2716 569 2764 recle
584 2704 646 2762 diei
664 2727 751 2783 posse
765 2729 872 2765 ιιοιιιοιι
881 2728 1016 2787 poeitae,
1040 2711 1134 2784 quod
1146 2712 1217 2771 eius
1230 2717 1268 2770 etl

149 2797 272 2870 umbra',
294 2804 426 2871 captare.
449 2792 577 2871 reliquit
594 2790 679 2849 codis
696 2813 756 2870 pro
770 2784 872 2871 poene
886 2814 1001 2869 poenae
1020 2813 1138 2853 nomen
1156 2817 1267 2877 capere.

148 2884 303 2947 Praeterea
324 2879 414 2937 etiam
435 2878 538 2956 λαβεῖν
561 2885 660 2956 potest
678 2886 707 2933 et
721 2898 816 2957 paene
837 2878 925 2935 debet
939 2879 976 2935 ad
991 2869 1140 2953 α’φείλειο
1157 2880 1266 2963 repeti:
1337 2886 1342 2897 ’

149 2971 263 3049 eripuit
282 2964 369 3025 vodis
385 2984 449 3022 rem
462 2982 582 3040 poenae
602 2962 741 3038 sumere‚'
763 2960 794 3022 h.
817 2982 841 3020 e.
863 2965 964 3040 ipsam
980 2982 1121 3041 poenam
1145 2987 1267 3039 sumere,

148 3056 264 3133 eripuit
284 3050 370 3109 vobis
382 3048 576 3125 facultatem
596 3049 697 3125 apuam
710 3067 843 3124 poenam
866 3046 1027 3126 repetendi.
1050 3048 1164 3119 Quare
1178 3052 1269 3113 nntius

148 3158 212 3199 esse
227 3133 304 3194 duxi
315 3132 443 3193 verbum
457 3130 517 3190 hoe
532 3131 712 3211 relinquere,
734 3132 786 3190 sed
802 3152 871 3190 cum
889 3130 1110 3209 admonitione,
1130 3156 1150 3194 a
1165 3135 1267 3199 multis

149 3222 183 3280 id
202 3218 311 3280 omitti.
326 3236 429 3281 ,nemin
453 3218 575 3276 Summo
587 3217 651 3274 iure
665 3216 776 3276 delevit
788 3218 914 3277 Bekker.
936 3216 1078 3295 Argutiae
1098 3232 1177 3281 sunt
1194 3224 1269 3283 enim

149 3306 259 3387 quibus
277 3301 416 3363 Reiskius
437 3312 555 3377 tuetur,
579 3322 667 3379 quem
688 3301 754 3382 ipsa
778 3305 983 3364 membrorum
998 3302 1202 3369 concinnitas
1218 3304 1268 3371 adss

75 3396 85 3416 '
149 3402 267 3471 uertere
282 3390 434 3449 debuerat.
457 3406 617 3448 sensurus.

234 3499 268 3560 Ρ.
291 3503 366 3564 728.
387 3517 418 3558 v.
442 3500 491 3562 12.
507 3492 656 3576 ’ὖμέιὲροᾷ
678 3492 809 3578 ἡμέτεροι
822 3465 949 3573 dugust
965 3494 1091 3575 primus.
1116 3492 1225 3561 unisti

235 3606 268 3664 P.
290 3608 364 3670 728.
385 3622 416 3661 v.
438 3607 488 3666 13.
509 3600 562 3664 καὶ
584 3599 718 3682 μονονοιλ
732 3634 777 3649 -
792 3606 849 3664 τοῦ
869 3602 998 3683 δεσμοῦ]
1025 3601 1133 3664 (litant
1151 3604 1268 3667 nosce

20 3740 24 3751 .
149 3689 244 3751 Bekk.
262 3711 292 3770 p.
317 3692 389 3763 175,
410 3687 462 3751 25.
482 3708 648 3773 Ιεοιοιιομία.

233 3797 267 3856 Ρ.
288 3799 362 3861 728.
384 3814 414 3854 v.
438 3799 487 3859 13.
510 3790 660 3875 μονονοΰ]
684 3786 780 3875 μόνον
798 3786 836 3854 od
852 3793 977 3854 Bekker.
1000 3813 1167 3857 sensurus.

233 3904 267 3963 P.
288 3902 363 3969 728.
383 3921 415 3960 V.
440 3906 488 3968 18.
512 3897 667 3978 ἅπαντας]
693 3895 812 3961 ἅπαντα
833 3899 958 3977 August.
981 3900 1106 3980 primus.
1131 3905 1214 3967 Post
1227 3902 1270 3987 λγ.

120 4046 123 4051 ,
150 3985 264 4075 ponceio
275 3988 376 4047 deesse
388 3986 512 4046 videtur
527 3981 620 4049 alneio
632 3986 681 4045 vel
695 3982 807 4066 λέγων’.-
820 4008 861 4063 eo,
877 3986 961 4064 quod
969 3986 1103 4045 dictione
1116 3995 1164 4074 τῷ
1179 3982 1271 4055 κατα-
1287 4012 1294 4021 ·

151 4069 294 4154 στήσαντα
316 4068 388 4144 τούς
411 4068 555 4155 ἐγγυητάς
578 4092 656 4128 raons
678 4081 722 4127 est
742 4072 792 4128 vel
814 4075 931 4147 utitur,
967 4072 1131 4152 significat
1154 4098 1269 4136 omnes.

150 4162 226 4220 Num
244 4154 379 4230 ἅπαντας
393 4159 426 4217 in
440 4177 567 4216 numere
586 4156 696 4234 plurali
710 4165 843 4234 praestat
859 4157 945 4216 alteri
965 4157 1104 4232 lectioni,
1131 4155 1268 4236 ἅπαντα,

150 4246 184 4305 in
199 4243 352 4324 singulari,
368 4264 457 4322 quam
471 4241 599 4302 wolfius
615 4261 652 4299 ex
669 4241 841 4319 Augustino
857 4243 994 4302 adscivit.
1010 4260 1114 4303 rursu:
1129 4245 1270 4309 Huiusce

64 4382 69 4405 ,
151 4332 213 4393 loei
232 4330 408 4394 sententiam
422 4328 508 4410 quod
527 4347 592 4387 non
610 4325 689 4389 vidit
704 4329 852 4408 Reiskius,
874 4329 990 4390 idcireo
1006 4350 1136 4411 pravam
1152 4333 1268 4395 lectio-
