2700 4740
181 228 243 303 ιιι
542 190 919 307 anrorsnonrs

170 392 331 493 ,φισηιίνοη
345 393 464 453 scilicet
477 391 650 471 ἐφαίνεσθε.
677 393 733 453 Sed
749 393 810 453 hoc
826 393 927 474 potius
942 393 981 453 ad
993 393 1134 455 decorem
1148 403 1181 455 et
1199 418 1298 458 orna-

178 492 244 540 tum
261 480 422 555 orationis,
452 499 540 557 quam
559 479 598 536 ad
620 480 834 552 necessitatem.
863 500 993 541 aanor.
1021 478 1298 563 κατεψηφιιίμένυι

178 567 355 632 Bayaricus:
384 565 437 622 sed
457 584 558 642 margo
579 565 732 643 vulgatam
749 565 801 624 dat
817 585 887 625 cunr
904 589 949 649 pp.
969 566 1150 644 Utrumque
1165 570 1298 647 probari

33 660 37 667 '
112 672 117 679 ·
160 660 287 730 'potest
316 669 413 709 nuiss.
445 649 527 708 Haec
551 649 689 709 lleiskius
708 650 741 709 iu
764 649 875 709 Variet.
902 651 1025 712 lection.
1064 648 1102 709 ln
1129 651 1298 717 Annotmt.

176 735 267 796 haec:
296 735 447 809 „Codices
469 734 590 813 quidam
611 735 684 792 dant
704 733 973 815 κατεψηφισμένοι.
997 736 1094 808 Quum
1109 737 1299 799 varietatem

178 820 319 881 lectionis
343 840 410 877 cum
425 839 487 878 non
507 818 692 899 improbem,
715 830 778 878 nort
794 821 883 879 rideo
897 829 1012 895 tainen,
1035 841 1091 879 cur
1112 821 1208 881 alteri
1224 824 1299 895 pul-

139 946 142 951 ,
177 916 262 984 gatae
282 906 500 984 praeferatur.“
533 905 601 964 lure
621 905 765 984 praetulit
778 905 906 964 Bekker.
929 904 1093 982 ἐφαίνεσθε
1116 922 1299 988 κατεψηφι-

91 1046 95 1053 .
178 990 283 1070 σμένον
304 990 375 1049 ride
389 1002 477 1069 quam
490 991 639 1049 concinne
653 991 834 1071 respondeat
854 990 1003 1071 superiori
1014 982 1067 1071 ἤτε
1075 991 1298 1073 πεποιηκότες.

169 1095 337 1135 susurras.
688 1090 694 1101 ‘

264 1185 295 1242 P.
318 1187 390 1248 667.
410 1202 440 1242 v.
463 1185 513 1246 17.
535 1185 623 1246 τοῦτο
646 1181 806 1247 τοίνυν-
823 1175 970 1261 αἰσχύνην
995 1175 1244 1261 ίφλειν].νοῦυο
1260 1176 1314 1249 εὖ.

177 1272 289 1329 ποιοῦν
304 1263 447 1348 (ειίιυχῶς
460 1266 511 1328 καλ
523 1261 675 1347 dissaepta
689 1262 793 1346 άξίως)
808 1263 840 1329 τό
853 1270 882 1328 τί
888 1289 896 1342 5
914 1262 960 1330 iias
971 1263 1003 1328 τά
1017 1263 1059 1347 μη
1068 1262 1180 1344 ὄφλειν
1189 1265 1297 1351 alagri-

178 1377 236 1433 νην
246 1348 283 1414 ov'
292 1353 403 1432 συνέβη
409 1351 483 1432 sipia
490 1359 729 1430 φενακισθεῖσιν,
737 1347 812 1414 ὅστε
822 1356 1055 1430 φενακισθῆναι.
1066 1371 1168 1411 wora.
1178 1355 1297 1415 Parum

180 1438 260 1517 cupiit
275 1433 308 1500 sd
323 1437 406 1517 ἕξῆςι
433 1457 488 1495 nec
509 1439 620 1496 rectius
642 1438 810 1516 explicatur
834 1437 1018 1496 constructio
1041 1436 1104 1494 lnd.
1123 1438 1295 1500 Graecitat.

178 1543 209 1602 p.
232 1527 304 1590 254.
326 1545 354 1583 v.
378 1515 423 1603 sd,
452 1522 574 1581 Scilicet
595 1527 684 1585 τοῦτο
700 1514 735 1585 εὖ
749 1526 860 1595 ιιοιοῦν
874 1531 919 1580 est
934 1515 1126 1580 'accusativus
1149 1526 1295 1601 pendens

177 1629 195 1666 a
216 1607 378 1688 participio
404 1614 643 1686 praeuideantur.
674 1606 887 1666 Sensus:.Hac
904 1606 1010 1666 fraude
1029 1607 1063 1664 in
1084 1605 1218 1668 Philisci
1235 1632 1296 1670 ne-

178 1695 276 1770 gotio,
307 1714 382 1771 quae
401 1703 503 1752 restro
525 1694 583 1752 fuit
607 1693 750 1768 felicitas,
774 1713 842 1752 cum
864 1713 927 1750 non
948 1691 1049 1750 essetis
1071 1691 1293 1775 circumventi,

177 1780 372 1852 factumest,
402 1787 438 1835 ut
459 1777 536 1835 nihil
554 1776 697 1835 infamiae
720 1777 945 1836 contraheretis.
981 1779 1119 1835 Ceterum
1141 1781 1295 1841 notabilis

178 1871 223 1920 cst
242 1861 294 1918 hio
317 1881 388 1919 usus
408 1862 555 1919 formulae
573 1853 607 1922 εὖ
624 1865 735 1923 ποιοῦν
758 1861 877 1939 passivi
901 1860 1105 1920 enuntiatione
1119 1862 1162 1920 ita
1178 1864 1294 1946 impli-
1306 1888 1320 1920 ο·

178 1945 270 2021 citae,
292 1955 328 2004 nt
347 1953 450 2005 rectus
464 1943 526 2004 eius
542 1965 645 2023 casus,
666 1946 720 2024 qui
735 1947 798 2007 sere
815 1946 946 2022 obtinet,
969 1946 1092 2026 obliquo
1107 1947 1221 2009 cedere
1237 1972 1293 2011 oo·

178 2040 264 2090 actus
284 2031 332 2111 sit.
351 2051 509 2117 summan.

261 2141 294 2199 Ρ.
317 2145 388 2205 667.
410 2160 441 2200 r.
465 2145 515 2206 18.
537 2133 581 2202 ἔνι’
596 2137 725 2218 ἐκείνου]
747 2140 825 2219 Lego
843 2132 897 2201 ἐπ’
910 2136 1042 2215 ἐκείνων,
1065 2141 1204 2219 inillis,
1227 2144 1292 2204 sci-
1336 2183 1341 2189 -

176 2224 251 2299 licet
272 2223 437 2282 Harmodio
460 2234 489 2281 et
510 2224 730 2299 Aristogitone,
752 2225 788 2281 de
810 2225 920 2301 quibus
938 2224 971 2281 in
996 2226 1142 2285 sententia
1157 2244 1291 2307 praeee-

177 2311 267 2368 dente
287 2309 408 2367 locutus
431 2299 538 2367 suerat
567 2310 773 2388 Opponuntur
795 2301 845 2370 ἐπ’
865 2308 1006 2386 ἐκείνων,
1032 2311 1164 2386 inillis,
1193 2324 1226 2375 et
1240 2314 1290 2378 inl

111 2422 115 2427 ·
176 2388 304 2466 τούτου,
327 2394 449 2467 inlice,
471 2393 587 2451 scilicet
605 2391 791 2452 Charidemo.
817 2390 992 2461 nanxnasn.
1022 2391 1209 2459 ἔπ’ἒκείνου
1224 2400 1289 2459 Au·
1341 2424 1344 2431 ·

176 2488 252 2554 gost.
273 2476 398 2556 primus.
431 2477 478 2537 Ad
492 2476 608 2539 ἐκείνου
623 2477 784 2556 adscripsit
797 2478 830 2536 in
845 2479 984 2537 Weimar.
1000 2480 1156 2539 recentior
1174 2500 1287 2544 marsus

179 2564 325 2623 Φιλίσκου
349 2583 364 2620 e
388 2563 519 2620 secundo
543 2583 674 2620 suorum.
706 2557 756 2624 ἐπ’
776 2563 909 2638 ἐκείνου,
929 2567 962 2620 in
981 2586 1027 2638 eo,
1051 2565 1182 2626 Philisco
1199 2580 1286 2649 puta

175 2647 371 2705 Marklandus
387 2640 438 2710 ἐπ’
456 2647 579 2710 ἐκείνων
599 2648 726 2706 malebat
741 2649 779 2707 ad
792 2648 988 2707 Harmodium
1004 2659 1033 2707 et
1046 2650 1286 2730 Aristogitonem

77 2789 79 2793 ,
174 2733 316 2807 referens.
345 2733 379 2791 ln
394 2753 454 2811 quo
469 2733 632 2793 humanum
647 2733 722 2812 quid
735 2756 840 2814 passus
862 2743 917 2794 est.
946 2736 1007 2812 Ego
1031 2736 1184 2814 equidem,
1209 2742 1286 2819 quid

176 2812 235 2874 sihi
256 2817 346 2893 velit,
374 2816 455 2877 haud
476 2818 571 2900 capio.
610 2821 668 2878 Sed
693 2841 756 2879 non
782 2822 854 2879 satis
878 2820 916 2877 ad
940 2821 1118 2879 sententiam
1150 2827 1283 2892 oratoris

129 2951 138 2959 .
176 2905 347 2963 attendebat
365 2924 462 2983 neque
478 2926 541 2967 eam
558 2906 757 2985 percipiebat:
782 2915 812 2962 et
826 2903 966 2962 universe
981 2904 1145 2964 doctissimi
1162 2916 1192 2966 et
1206 2906 1293 2971 acuss‘

149 2992 152 2997 ’
173 2988 282 3047 tissimi
304 2989 407 3047 (sitici
423 2992 542 3047 notulae
557 2990 596 3046 ad
612 2988 839 3047 Demosthenem
858 2987 1015 3067 adspersae
1038 3011 1099 3049 non
1117 2987 1285 3056 satis'sunt

173 3084 347 3133 maturatae.
369 3093 466 3132 nuiss.
490 3073 661 3149 llefelleutis
679 3071 791 3130 lleiskii
805 3071 972 3150 lenitatem,
994 3095 1081 3134 sanae
1103 3076 1215 3136 moritis
1230 3080 1283 3141 in-

174 3154 282 3230 dicem,
307 3158 424 3215 utinam
437 3155 532 3214 nostri
547 3156 580 3212 in
600 3148 714 3215 Critica*
730 3177 863 3215 semones
882 3157 1054 3219 imitentur!
1077 3181 1240 3225 scrraursn.

263 3242 292 3298 P·
315 3246 387 3306 667.
409 3259 439 3297 v.
465 3244 512 3304 19.
534 3237 654 3320 ὅφλειν]
678 3243 756 3301 liene
770 3236 879 3322 ὀφλεῖν
892 3245 1030 3307 Dindorf.
1054 3267 1215 3307 scissurus.

95 3418 98 3431 ,
200 3324 210 3335 ⁶
259 3347 291 3407 P.
313 3322 383 3414 667.
406 3367 437 3409 v.
462 3353 510 3414 19.
532 3346 582 3412 ἐπὶ
599 3326 725 3431 κυάνου]
746 3353 779 3412 in
792 3353 857 3430 hoe,
878 3351 1068 3439 ¹Charidemo.
1095 3375 1192 3451 arisae,

258 3449 300 3517 Ρ.
313 3463 385 3524 667.
406 3479 437 3518 v.
461 3463 509 3524 19.
532 3453 586 3522 tdv
599 3457 667 3541 ἐμοὶ
681 3459 839 3539 πεισθῆτε]
865 3453 905 3519 dv
924 3457 991 3539 ἐμοὶ
1006 3460 1160 3541 πείθησθε
1175 3465 1281 3526 Bava-
1304 3480 1309 3497 '

63 3564 69 3571 ‘
126 3612 129 3616 Ι
173 3540 264 3602 ricus.
283 3563 381 3600 aaran.
403 3545 557 3623 πείθησθε
576 3546 702 3605 Bekker.
724 3563 884 3612 sonneras.

185 3624 189 3634 “
257 3622 297 3687 Ρ.
313 3631 386 3692 667.
406 3646 437 3684 v.
462 3633 511 3691 19.
533 3622 979 3708 outdtsotr'lhpvlaigoodn]
1001 3631 1076 3709 Lege
1100 3626 1281 3710 φυλάξεσθε

173 3729 244 3768 cum
258 3711 372 3771 Bodlei.
389 3711 472 3769 Cant.
487 3719 515 3768 et
530 3713 662 3791 margine
675 3714 778 3772 hlorel.
795 3707 972 3792 φυλάξησθε
995 3715 1122 3775 Vindob.
1144 3739 1279 3784 rmore.

171 3793 260 3872 Vulg.
269 3792 456 3874 φυλάξασθε.
475 3793 646 3873 φυλάξεσθε
656 3798 831 3874 Bavaricus,
843 3799 896 3856 sed
914 3819 983 3858 cum
997 3825 1016 3862 α
1030 3822 1120 3881 snper
1139 3826 1151 3864 ε
1163 3805 1278 3883 primo.

88 3934 107 3962 „
172 3878 228 3960 Est
242 3901 362 3961 quoque
377 3884 512 3961 futurum
526 3879 559 3938 in
574 3868 699 3960 hugust.
712 3883 827 3963 primo,
851 3892 880 3942 et
892 3882 992 3965 margo
1006 3887 1180 3948 Lutatianae
1193 3891 1278 3953 idem
1296 3930 1302 3937 ·

173 3967 332 4025 annotavit
348 3989 363 4026 e
384 3967 482 4050 Paris,
498 3966 596 4046 primo
606 4012 615 4043 ,
638 3968 671 4027 ni
688 3969 791 4031 fallor:
819 3989 889 4028 nam
908 3991 946 4029 ex
962 3993 996 4031 eo
1014 3973 1119 4032 ductas
1134 3976 1278 4054 suspicor
1313 4015 1318 4021 ·

101 4107 105 4115 ,
137 4064 140 4073 “
173 4062 275 4109 onine's
292 4050 435 4114 lectiones
457 4052 1029 4135 eum'August.primoconsensiones,
1053 4060 1172 4137 quaein
1190 4083 1277 4129 mar-
1310 4108 1314 4116 .

171 4134 419 4214 gineLntetianae
433 4139 496 4199 sine
509 4137 633 4198 auctore
647 4140 834 4218 produntur.¹
845 4141 968 4202 Correxi
977 4136 1159 4221 φυλάξεσθε.
1174 4167 1274 4209 arisit.

199 4226 204 4233 '
252 4223 289 4305 Ρ.
312 4226 383 4300 667.
404 4243 434 4282 r.
457 4230 507 4290 20.
529 4220 639 4307 μηγιίρ
653 4222 821 4306 dorostena
837 4224 983 4310 μηδενδς]
1000 4226 1138 4308 Wolfins:
1155 4235 1275 4293 nemine
1304 4296 1310 4301 .

170 4311 252 4369 enim
267 4319 391 4389 excepto.
421 4310 528 4371 humo:
550 4311 641 4383 trullo
655 4313 734 4371 enini
748 4333 781 4371 re
792 4324 923 4395 exemto.
940 4327 1035 4397 imp
